2088 3268
1099 174 1153 216 16

478 287 522 343 9)
553 302 592 332 a.
624 288 734 331 XII.
767 288 998 332 908—914
1029 292 1167 332 =fX.
1201 289 1285 332 199
1302 303 1397 347 sqq.

478 356 666 415 (Lapide
705 358 879 402 frustra
917 358 1118 404 coniecto
1150 359 1351 403 Turnum
1389 374 1513 404 mens
1558 363 1605 405 et
1634 361 1704 405 vis
1735 360 1886 404 deficit

366 427 482 470 sicut
512 427 740 471 interdum
761 427 807 470 in
828 428 1010 472 somniis
1032 428 1151 486 quod
1176 428 1379 473 volumus
1402 428 1618 488 perficere
1637 444 1728 484 non
1746 428 1883 487 licet).

476 496 529 540 S:
564 495 760 550 ,Homeri
789 497 1094 555 comparatio‘.
1125 524 1182 530 —
1213 499 1434 543 Homerus
1467 498 1679 542 similiter
1710 499 1881 551 factum

362 580 459 609 esse
490 565 612 619 dicit,
644 568 698 610 ut
726 581 870 624 neque
889 566 1061 610 Hector
1093 567 1252 625 fugere
1281 582 1424 627 neque
1443 566 1645 613 Achilles
1675 567 1886 626 persequi

362 637 516 692 posset
545 638 682 693 atque
711 635 940 680 interdum
968 636 1017 680 in
1038 637 1217 681 somniis
1248 637 1348 682 fieri
1378 638 1601 682 videatur.
1652 636 1885 694 Vergilius

361 705 547 761 praeter
584 719 741 748 cursus
780 706 961 750 frustra
1003 709 1235 764 susceptos
1282 707 1418 751 etiam
1460 707 1659 765 linguam
1700 721 1883 751 comme·

364 776 514 818 morat
535 775 730 819 officium
750 779 1005 832 negantem.
1059 777 1263 834 Longum
1284 779 1356 820 est
1377 768 1576 834 singulas
1598 792 1672 820 res
1694 778 1883 835 afferre:

364 845 505 900 primo
537 847 723 901 aspectu
757 845 994 902 intelleges
1023 846 1152 889 huius
1175 846 1521 902 comparationis
1544 846 1690 889 omnia
1704 844 1885 901 Vergili

364 927 475 964 esse,
507 916 555 956 et
584 914 774 957 formam
806 917 852 957 et
883 914 1229 972 descriptionem
1259 917 1306 958 et
1336 915 1501 970 verba;
1535 914 1676 957 solam
1707 917 1883 958 senten-

362 982 474 1025 tiam
503 982 809 1039 principalem,
842 998 931 1040 qua
952 983 1210 1027 continetur
1240 983 1529 1039 comparatio,
1560 983 1735 1026 invenit
1765 982 1882 1039 apud

363 1051 614 1095 Homerum.

477 1121 548 1177 10)
578 1121 827 1167 Praeterea
859 1123 1007 1167 verbis
1040 1137 1153 1181 quae
1195 1125 1302 1167 sunt
1333 1122 1529 1178 ,Homeri
1560 1125 1640 1167 est‘
1683 1122 1756 1166 vel
1788 1123 1884 1176 ,hoc

361 1189 547 1234 Homeri
579 1195 661 1235 est‘
693 1192 879 1237 Servius
911 1193 1137 1237 interdum
1167 1207 1297 1237 voces
1330 1192 1542 1250 quasdam
1572 1194 1704 1237 notat
1723 1192 1883 1236 Home-

363 1260 494 1314 ricas,
526 1261 672 1317 qualis
704 1264 776 1305 est
805 1262 907 1306 illa:
950 1277 993 1319 g.
1026 1262 1109 1305 IV.
1141 1262 1225 1306 233
1258 1261 1437 1316 ,Oceani
1467 1264 1645 1306 amnes‘.
1707 1261 1757 1306 S:
1789 1260 1882 1305 Ho-

360 1330 472 1373 meri
494 1333 587 1374 est:
610 1332 705 1386 παρ’
727 1332 952 1376 Ὠκεανοῖο
974 1333 1119 1388 ῥοάων
1142 1332 1210 1389 (Γ.
1233 1333 1294 1388 5).
1351 1332 1417 1375 Cf.
1440 1332 1596 1376 etiam:
1618 1346 1657 1375 a.
1682 1331 1761 1375 VI.
1784 1332 1881 1374 362.

361 1399 470 1443 VH.
500 1400 542 1443 4.
581 1401 678 1443 225.
714 1400 843 1443 VIII.
875 1401 972 1443 274.
1013 1401 1070 1444 X.
1105 1402 1199 1445 115.
1230 1402 1328 1445 488.
1361 1402 1459 1444 900.
1501 1400 1607 1444 XII.
1641 1400 1724 1444 102
1756 1406 1803 1444 et
1823 1400 1880 1444 al.

657 1528 701 1582 γ)
738 1527 825 1570 1οοὶ
855 1528 932 1584 qui
963 1527 1174 1571 dicuntur
1206 1525 1458 1580 ‚Homerici‘
1491 1539 1599 1578 esse,

361 1607 449 1651 iam
492 1607 705 1652 minorem
751 1608 1057 1654 similitudinis
1103 1608 1294 1666 gradum
1338 1609 1570 1665 praebent.
1647 1608 1745 1651 Uno
1784 1607 1881 1650 loco

361 1678 419 1732 (a.
451 1677 532 1720 XI.
566 1678 694 1731 751),
738 1678 814 1721 ubi
844 1677 888 1722 S.
931 1680 1144 1722 annotat:
1188 1678 1438 1732 ,Homerica
1476 1677 1766 1735 comparatio‘
1807 1676 1880 1735 (cf.

360 1746 497 1791 Macr.
528 1746 586 1791 V.
618 1747 685 1791 13.
718 1748 775 1791 28
806 1769 859 1785 =
892 1751 955 1791 M.
987 1749 1073 1792 200
1089 1747 1214 1809 sqq.).
1266 1747 1499 1804 Vergilius
1531 1754 1586 1791 ex
1614 1746 1798 1791 Homeri
1827 1746 1882 1790 de

358 1816 510 1873 aquila
538 1817 802 1861 narratione
833 1817 919 1861 sibi
949 1818 1081 1861 finxit
1110 1816 1511 1875 comparationem5
1544 1816 1691 1861 altero
1723 1819 1779 1873 (a.
1798 1815 1882 1861 XI.

358 1886 457 1929 860.
510 1886 579 1930 S.:
614 1887 866 1939 ,Homerica
897 1890 966 1931 est
997 1887 1088 1931 ista
1118 1886 1388 1944 descriptio‘,
1421 1886 1476 1930 cf.
1511 1885 1648 1930 Macr.
1680 1885 1736 1929 V.
1769 1885 1809 1928 3.
1840 1885 1879 1928 2.

360 1976 413 1991 =
445 1960 500 1999 A.
534 1956 635 2014 123)
678 1956 735 2001 ad
765 1956 952 2001 Homeri
992 1956 1219 2015 exemplar
1255 1956 1495 2012 descripsit
1525 1955 1655 2013 Opim
1696 1969 1804 1998 arcu
1834 1957 1882 1998 et

360 2025 534 2082 sagitta
563 2040 701 2069 usam.
762 2026 914 2070 Etiam
946 2025 1021 2069 DS
1051 2026 1110 2069 ad
1152 2024 1528 2083 comparationem
1558 2038 1596 2067 a.
1631 2023 1764 2068 VIII.
1796 2024 1881 2067 589

358 2094 496 2138 dicit:
545 2094 843 2148 ,Homericum
873 2098 958 2140 est‘
997 2096 1066 2152 (X.
1098 2095 1220 2150 317);
1258 2086 1360 2138 aliis
1392 2093 1502 2137 locis
1532 2093 1616 2138 hac
1646 2107 1754 2137 voce
1785 2107 1880 2137 sae—

358 2166 459 2222 pius
494 2164 566 2209 vel
596 2179 739 2209 sermo
783 2165 856 2209 vel
896 2165 1089 2209 historia
1120 2164 1359 2208 Homerica
1389 2165 1587 2206 notatur.
1633 2187 1687 2194 —-
1728 2163 1880 2206 Verba

358 2248 473 2292 quae
505 2236 611 2278 sunt

703 2350 748 2404 δ)
781 2350 876 2403 ,hoc
906 2353 1104 2393 tractum
1131 2351 1202 2393 est
1232 2347 1288 2392 de
1320 2347 1527 2392 Homero‘

356 2446 531 2489 semper
569 2432 804 2489 pertinent
845 2432 902 2475 ad
943 2432 1181 2475 historiam
1220 2431 1436 2488 aliquam,
1483 2443 1616 2487 quam
1647 2429 1879 2486 Vergilius

355 2500 542 2543 mutatis
581 2501 808 2545 mutandis
848 2501 906 2544 ad
945 2514 1123 2544 carmen
1154 2515 1281 2544 suum
1320 2498 1584 2542 transtulit:
1630 2512 1669 2541 a.
1700 2497 1762 2541 II.
1794 2498 1880 2542 604

356 2569 509 2613 Venus
524 2559 720 2623 ‚Aeneae
751 2571 867 2613 nube
897 2571 954 2613 ab
985 2569 1124 2613 oculis
1146 2568 1415 2613 mortalibus
1447 2567 1659 2613 detracta
1679 2567 1880 2612 ostendit

354 2639 480 2693 deos;
520 2638 563 2682 S.
594 2639 663 2692 ‚de
693 2638 890 2682 Homero
920 2641 1132 2692 tractum,
1166 2638 1242 2696 qui
1270 2636 1442 2680 inducit
1471 2636 1720 2681 Minervam
1748 2650 1879 2697 prae-

358 2710 557 2766 stantem
575 2708 669 2753 ista
689 2708 907 2754 Diomedi⁴
939 2709 1011 2766 <Ε.
1038 2709 1153 2765 127).
1178 2734 1241 2744 ›—
1274 2723 1312 2751 a.
1345 2708 1428 2751 IV.
1460 2708 1557 2751 496.
1588 2707 1754 2752 Didoni
1782 2706 1878 2764 gla-

354 2778 455 2822 dius
486 2779 542 2821 ab
571 2777 729 2821 Aenea
758 2778 947 2823 relictus
978 2778 1117 2823 exitio
1149 2772 1240 2834 est;
1274 2776 1340 2822 S.:
1375 2776 1470 2831 ,hoc
1500 2778 1651 2822 autem
1679 2777 1878 2822 tractum

352 2850 425 2892 est
455 2847 511 2892 de
528 2848 734 2902 Homero,
767 2848 843 2905 qui
873 2848 984 2893 dicit
1016 2847 1215 2905 gladium
1247 2847 1377 2890 Aiaci
1412 2847 1567 2890 datum
1597 2847 1652 2889 ab
1682 2845 1878 2890 Hectore
