2088 3268
1008 177 1065 220 86

275 290 491 333 redditos.
553 292 892 336 Sententiarum
923 295 1198 349 tragicarum
1230 308 1404 336 sensum
1441 297 1619 336 tantum
1647 296 1797 337 trans-

276 357 389 402 tulit
418 358 663 416 Vergilius,
696 376 782 404 non
815 363 977 417 verba;
1026 361 1205 408 Sueium
1235 362 1310 420 (ib.
1342 364 1366 417 ἓ
1396 362 1470 418 37)
1510 364 1559 406 et
1588 362 1798 407 Hostium

276 427 372 483 (VI.
406 429 445 470 3.
481 430 521 482 1)
568 429 744 473 omnino
787 445 878 474 non
907 431 1101 484 novisse,
1145 431 1291 474 Naevi
1337 445 1540 474 sermone
1568 446 1658 474 non
1687 445 1797 474 usus

275 511 373 540 esse
415 496 610 541 videtur.
672 498 825 543 Etiam
857 500 1044 545 Graecis
1089 500 1415 558 exemplaribus
1455 499 1673 557 neglectis
1711 500 1796 543 La·

274 566 472 608 tinorum
502 569 740 623 poetarum
769 569 890 612 locos
930 569 1033 612 inde
1075 570 1204 613 fictos
1250 568 1648 613 transformavisse
1678 568 1797 612 falso

274 634 464 686 dicitur,
507 635 680 679 scilicet
720 642 958 694 utrumque
999 638 1227 695 exemplar
1268 641 1374 682 ante
1405 638 1555 681 oculos
1585 637 1794 681 habebat.

274 703 621 749 Obtrectatores
654 705 797 762 igitur
829 705 1022 764 undique
1045 707 1413 765 conquisiverunt
1443 722 1499 751 ex
1517 706 1686 751 litteris
1707 705 1793 750 La-

273 774 395 829 tinis,
441 789 556 831 quae
598 775 748 832 aliquo
791 776 918 820 modo
958 778 1206 833 comparari
1253 780 1437 834 possent
1479 791 1576 820 cum
1615 776 1797 833 Vergili

273 844 496 899 versibus3
531 844 646 887 unde
666 845 918 889 Macrobius
939 861 1029 888 non
1051 846 1198 889 omnia
1218 846 1397 903 quidem
1419 846 1622 903 exempla
1642 846 1795 900 affert3

274 913 353 957 sed
395 916 517 957 certe
561 928 765 969 magnam
809 917 999 971 partem,
1047 915 1220 958 scilicet
1261 916 1317 958 de
1350 917 1562 958 Lucretio
1601 916 1797 972 plurima

273 985 396 1025 recte
427 981 611 1025 exhibet
641 985 689 1026 et
719 983 774 1026 de
794 983 938 1027 Ennio
971 983 1065 1027 sine
1096 984 1229 1027 dubio
1260 984 1554 1041 gravissimas
1586 999 1659 1028 res
1691 999 1792 1042 pro-

272 1053 367 1096 fert
385 1051 460 1106 66);
494 1052 549 1095 de
579 1052 725 1109 poetis
747 1052 954 1109 Vergilio
986 1053 1246 1109 aequalibus
1280 1069 1413 1096 unum
1443 1054 1619 1110 quidem
1651 1068 1794 1096 exem-

271 1122 372 1179 plar
401 1123 553 1166 aflert.
598 1122 762 1179 Itaque
783 1137 880 1166 cum
900 1122 947 1165 in
968 1122 1054 1166 tali
1075 1122 1338 1167 collectione
1368 1137 1458 1166 una
1488 1137 1584 1166 cum
1616 1121 1796 1166 scholiis

270 1207 326 1236 ne
367 1207 482 1235 unus
525 1192 702 1249 quidem
745 1193 868 1236 locus
910 1190 1152 1249 appareat,
1199 1209 1282 1249 quo
1314 1192 1546 1249 Vergilius
1575 1192 1676 1249 plus
1705 1207 1795 1235 uno

271 1276 407 1305 versu
427 1261 657 1318 integrum
678 1261 986 1315 transtulerit,
1020 1262 1274 1306 coniectura
1296 1268 1423 1305 certa
1453 1264 1523 1305 est
1542 1261 1796 1317 Vergilium

271 1331 372 1388 plus
403 1345 591 1388 usquam
622 1331 823 1387 accipere
854 1335 1145 1388 aspernatum
1177 1346 1286 1375 esse.
1348 1331 1477 1385 Quod
1505 1331 1796 1374 confirmatur

271 1400 407 1446 etiam
439 1400 529 1443 alia
558 1415 620 1443 re.
668 1399 933 1444 Skutschius
965 1399 1079 1454 (Aus
1100 1400 1284 1457 Vergils
1306 1399 1526 1443 Friihzeit
1556 1416 1596 1457 p.
1622 1399 1703 1443 103
1714 1403 1796 1457 sq.)

271 1472 394 1512 recte
426 1469 558 1512 dicit:
612 1469 736 1522 {Was
769 1469 842 1511 die
873 1469 1151 1525 principielle
1182 1469 1332 1524 Frage
1362 1469 1547 1524 angeht‚
1595 1484 1643 1511 so
1676 1483 1794 1511 muss

269 1553 373 1582 man
415 1537 508 1581 sich
550 1538 781 1591 erinnern,
825 1538 929 1581 dass
973 1537 1083 1581 auch
1127 1537 1457 1595 gegenseitiges
1490 1537 1689 1581 Citieren
1722 1536 1795 1581 ein

270 1608 501 1652 Erbstiick
532 1608 607 1661 ist,
641 1608 720 1651 das
754 1600 824 1652 die
851 1608 1018 1651 Romer
1048 1624 1136 1651 von
1166 1609 1251 1651 den
1271 1607 1635 1651 Alexandrinern
1665 1609 1792 1651 iiber-

268 1692 472 1720 nommen
505 1677 674 1720 haben‘.
737 1676 859 1733 Ergo
903 1691 991 1720 non
1033 1676 1173 1721 solum
1218 1691 1312 1720 rem
1344 1676 1422 1721 sed
1452 1676 1588 1720 etiam
1617 1676 1794 1720 modum

271 1763 345 1790 eos
368 1747 591 1803 accepisse
623 1748 679 1789 ab
700 1746 1023 1790 Alexandrinis
1054 1746 1299 1789 verisimile
1331 1748 1422 1789 est:
1456 1747 1543 1802 qui,
1577 1748 1793 1801 quantum

270 1816 423 1870 video,
477 1815 716 1859 sententiis
768 1814 946 1873 quidem
991 1830 1279 1873 sermoneque
1323 1814 1516 1859 aliorum
1559 1817 1791 1873 poetarum

268 1886 497 1930 interdum
540 1886 608 1928 usi
649 1902 737 1928 non
778 1886 879 1941 plus
923 1886 1112 1940 singulis
1144 1885 1349 1928 versibus
1390 1885 1646 1928 transferre
1679 1885 1792 1927 sole-

271 1956 379 1998 bant
393 1953 458 2010 67).
538 1954 690 1997 Etiam
735 1969 848 2011 quae
894 1954 949 1996 de
997 1953 1165 1997 Catulli
1211 1954 1517 1997 imitatoribus
1566 1954 1792 2013 Hauptius

269 2025 356 2081 (op.
388 2024 448 2066 II.
483 2024 555 2079 71)
595 2025 758 2076 affert,
806 2028 942 2079 atque
987 2039 1099 2080 quae
1142 2025 1195 2065 de
1240 2025 1400 2067 Ovidio
1442 2025 1640 2066 omnibus
1684 2027 1792 2066 nota

270 2095 376 2136 sunt
407 2092 647 2149 (Zingerle,
681 2092 797 2136 Ovid
827 2109 868 2135 u.
903 2108 936 2136 s.
968 2092 1107 2136 Verh.
1147 2108 1184 2134 z.
1217 2092 1257 2135 d.
1288 2092 1604 2148 Vorgangern.
1664 2092 1792 2135 Inns-

269 2163 411 2206 bruck
443 2163 556 2205 1869
588 2165 635 2205 et
667 2163 796 2217 1871)
830 2186 880 2192 -—
915 2168 1102 2217 excepta
1141 2162 1354 2204 videlicet
1385 2161 1703 2204 Consolatione
1734 2162 1793 2204 ad

267 2230 444 2275 Liviam
476 2256 530 2261 —
562 2230 747 2274 eundem
791 2231 965 2273 modum
1007 2230 1315 2274 transferendi
1354 2230 1428 2273 vel
1468 2230 1682 2273 laudandi
1720 2245 1792 2274 ex-

268 2300 437 2344 hibent.
485 2299 615 2353 Quod
646 2299 704 2343 ad
724 2299 979 2356 Vergilium
1011 2300 1193 2352 attinet,
1225 2300 1313 2357 ipsi
1333 2315 1492 2344 versus
1514 2300 1792 2343 Varroniani

268 2371 326 2427 (g.
360 2370 396 2413 I.
429 2370 514 2413 375
529 2373 642 2427 sqq.)
683 2369 819 2413 utiles
861 2373 987 2413 sunt:
1033 2384 1137 2412 nam
1179 2369 1218 2412 si
1260 2369 1299 2412 is
1341 2368 1505 2413 fuisset
1544 2368 1789 2426 Vergilius,

267 2455 397 2496 quem
427 2440 567 2483 fuisse
589 2440 855 2483 Skutschius
886 2439 1014 2482 nobis
1043 2440 1318 2495 persuadere
1349 2440 1462 2491 vult,
1495 2440 1674 2481 dubium
1702 2455 1793 2482 non

268 2516 350 2562 est,
392 2509 500 2567 quin
536 2509 821 2552 immutatum
852 2508 1077 2553 Varronis
1117 2508 1261 2552 locum
1292 2508 1603 2553 translaturus
1635 2508 1789 2553 fuerit.

386 2670 447 2711 66)
474 2668 542 2703 Via
577 2675 613 2703 et
639 2668 782 2703 ratione
808 2668 1001 2703 Annalium
1038 2668 1124 2703 libri
1149 2668 1291 2703 excussi
1326 2672 1420 2711 sunt,
1454 2667 1621 2712 plurima,
1658 2671 1700 2702 ut
1732 2678 1793 2703 ex-

267 2726 506 2771 spectandum
533 2731 599 2771 est,
626 2738 645 2761 e
670 2726 693 2761 l.
721 2727 748 2760 I.
776 2727 900 2770 allata,
928 2738 999 2770 quo
1024 2727 1222 2771 praecipue
1248 2737 1335 2762 usus
1362 2731 1418 2761 est
1443 2726 1636 2771 Vergilius.

385 2791 444 2832 67)
472 2790 555 2833 lpse
572 2789 756 2824 examines
783 2799 876 2832 quae
904 2788 1011 2824 affert
1029 2789 1244 2824 Skutschius
1270 2789 1293 2823 l.
1313 2789 1334 2823 l.
1363 2801 1396 2833 p.
1420 2791 1505 2833 1043
1532 2787 1576 2824 de
1595 2788 1792 2833 Apollonio

264 2850 345 2893 (ΙΙΙ.
375 2851 481 2895 1372)
506 2861 566 2885 res
591 2850 732 2885 incerta.
757 2856 821 2886 est.
