2088 3268
1072 168 1129 209 80

457 282 501 325 S.
535 282 604 325 ad.
638 296 676 324 a.
708 282 791 323 XI.
813 282 922 323 492:
958 281 1108 334 ‚etiam
1139 280 1248 323 haec
1277 280 1553 335 comparatio
1575 279 1759 322 Homeri
1791 284 1861 321 est

339 352 525 394 verbum
556 350 614 393 ad
644 351 832 393 verbum
863 349 1118 393 translata‘.

398 420 611 479 Apparet
656 436 711 464 ex
755 419 838 464 hac
880 420 1234 477 comparatione:
1280 420 1323 474 1)
1369 420 1425 462 In
1469 381 1624 463 ordine
1671 421 1861 475 uterque

336 493 476 548 poeta
508 491 621 533 satis
652 489 866 547 congruit
897 505 993 532 cum
1023 489 1233 543 Homero,
1265 489 1354 533 nisi
1383 489 1500 546 quod
1530 491 1721 546 uterque
1750 503 1859 532 non-

336 559 566 603 nullarum
594 574 745 603 rerum
776 559 922 603 locum
952 562 1112 602 mutat.
1174 560 1218 615 2)
1249 560 1312 603 Et
1341 559 1479 602 habet
1510 559 1740 614 Vergilius
1772 573 1860 601 una

342 643 439 672 cum
467 628 676 680 Homero,
710 628 829 684 quod
860 627 987 671 deest
1018 628 1138 685 apud
1168 628 1362 671 Ennium
1394 628 1495 680 (495
1526 647 1579 663 =
1614 630 1648 668 Z
1679 626 1782 682 508)
1814 629 1860 669 et

338 697 467 741 deest
498 696 617 754 apud
650 697 916 754 Vergilium,
959 697 1079 754 quod
1108 699 1328 755 praebent
1358 697 1529 741 Ennius
1562 699 1609 740 et
1637 696 1859 739 Homerus

336 769 410 820 (A.
451 767 549 809 514.
591 766 743 809 fartus
777 787 830 802 =
863 767 1136 822 ἀκοστήσας).
1199 767 1242 823 3)
1283 767 1337 809 In
1381 781 1583 811 sermone
1624 764 1857 822 Vergilius

335 836 544 893 proprius
595 837 770 879 accedit
814 837 872 879 ad
919 837 1161 880 Homerum
1211 852 1343 893 quam
1390 837 1560 879 Ennius
1606 836 1674 878 his
1724 835 1858 878 loeis:

336 906 391 949 V.
423 906 522 949 497.
564 906 811 950 luxurians.
855 907 953 951 496.
998 905 1191 951 arrectis
1237 906 1393 950 fremit
1438 906 1698 951 cervicibus.
1759 905 1859 949 497.

334 977 587 1031 luduntque
638 977 766 1018 iubae
815 992 898 1032 per
951 977 1078 1018 colla.
1138 978 1236 1018 494.
1290 979 1493 1018 armenta
1540 1009 1581 1017 ..
1636 989 1857 1032 equarum.

335 1046 382 1098 4)
414 1060 512 1090 cum
552 1044 697 1091 Ennio
742 1045 937 1095 concinit
973 1045 1223 1104 Vergilius,
1269 1047 1457 1103 primum
1483 1047 1615 1103 'quod
1655 1041 1859 1102 praeter—¹

338 1116 463 1158 misit
505 1116 732 1157 Homerici
779 1116 864 1157 loci
909 1116 1042 1158 finem
1087 1116 1263 1172 5llsq.‚
1310 1115 1468 1158 deinde
1513 1114 1631 1172 quod
1674 1113 1859 1157 Homeri

336 1199 518 1228 versum
548 1185 635 1228 510
675 1200 762 1228 non
799 1184 845 1228 in
875 1186 962 1228 fine
993 1185 1170 1241 posuit,
1214 1185 1291 1228 sed
1322 1186 1369 1227 in
1411 1184 1555 1227 media
1584 1185 1673 1227 loci
1713 1185 1857 1239 parte,

337 1254 525 1296 tertium
557 1254 676 1310 quod
709 1254 865 1297 iisdem
898 1254 1046 1297 verbis
1078 1269 1184 1297 usus
1218 1256 1306 1298 est:
1351 1254 1569 1311 ,abruptis
1601 1249 1773 1296 vinclis‘
1807 1269 1859 1290 τυ

341 1323 489 1366 vincla
531 1323 733 1379 abrupit;
783 1324 1151 1380 ‚praesaepibus‘;
1199 1325 1342 1376 ⁷iuba‘.
1403 1325 1487 1366 His
1528 1324 1728 1365 omnibus
1772 1336 1860 1363 una

339 1391 542 1449 pensatis
586 1391 837 1448 colligimus
870 1392 1126 1450 Vergilium
1165 1396 1350 1451 praeter
1394 1390 1677 1436 Homericum
1716 1390 1860 1434 locum

339 1461 477 1505 etiam
507 1461 759 1504 Ennianum
791 1465 898 1505 ante
931 1463 1079 1505 oculos
1109 1463 1328 1505 habuisse.
1381 1463 1424 1517 5)
1456 1460 1685 1503 Nonnulla
1715 1459 1754 1517 [J
1789 1459 1860 1502 de-

333 1530 468 1588 nique
499 1529 676 1574 addidit
707 1530 940 1589 Vergilius
972 1547 1028 1576 ex
1059 1548 1137 1576 suo
1169 1532 1361 1589 ingenio.

447 1600 532 1643 His
576 1602 711 1644 rebus
755 1602 1053 1645 consideratis
1096 1604 1219 1646 certe
1260 1601 1379 1645 falso
1423 1601 1620 1645 iudicare
1661 1598 1856 1643 Macrobi

336 1673 567 1715 auctorem
616 1674 830 1728 apparet3
880 1671 957 1714 sed
1007 1687 1061 1714 ne
1113 1671 1297 1715 Servius
1351 1672 1526 1729 quidem
1574 1673 1697 1714 recte
1748 1668 1858 1712 dicit

335 1742 536 1798 ,verbum
575 1740 632 1783 ad
664 1742 847 1783 verbum
881 1741 1166 1784 translatam‘
1208 1757 1304 1784 esse
1336 1741 1521 1784 Homeri
1563 1739 1857 1796 comparatio-

333 1825 455 1852 nem:
501 1809 733 1865 Vergilius
767 1809 1010 1852 Homerum
1051 1810 1227 1866 quidem
1265 1808 1480 1853 imitatus'
1502 1812 1584 1863 est,
1630 1807 1854 1851 interdum

334 1878 473 1921 etiam
504 1877 562 1921 ad
593 1879 804 1921 verbum:
838 1878 913 1921 sed
946 1881 993 1922 et
1024 1879 1195 1936 delegit
1226 1882 1273 1923 et
1303 1880 1500 1922 mutavit
1533 1885 1579 1922 et
1610 1878 1749 1922 auxit.

449 1948 493 2002 5)
524 1961 563 1990 a.
595 1948 652 1990 X.
685 1948 782 1991 361.

450 2016 590 2059 Macr.
613 2016 694 2059 VI.
718 2018 756 2059 3.
780 2019 820 2061 5.
855 2017 1087 2071 ,Homerus
1120 2019 1206 2061 ait:
1240 2019 1313 2075 (N.
1335 2018 1433 2074 131)
1465 2017 1596 2067 ἀσπὶς
1617 2018 1678 2073 ἄρ’
1706 2016 1853 2059 ἀσπίδ’

332 2086 488 2139 ἔρειδε,
518 2088 654 2139 κόρυς
683 2088 835 2141 κόρυν,
866 2087 1001 2142 ἀνέρα
1032 2088 1069 2129 δ’
1105 2089 1228 2143 ἀνήρ.

448 2155 613 2198 Furius
655 2156 702 2198 in
734 2158 897 2212 quarto
938 2157 1113 2200 annali:
1158 2161 1393 2213 pressatur
1424 2157 1535 2214 pede
1568 2171 1657 2213 pes,
1703 2170 1853 2198 mucro

331 2238 560 2278 mucrone,
604 2224 704 2268 viro
748 2225 831 2268 vir.
890 2225 993 2268 hinc
1024 2226 1255 2283 Vergilius
1299 2227 1386 2270 ait:
1426 2226 1585 2270 haeret
1625 2225 1735 2283 pede
1775 2239 1853 2282 pes

332 2294 583 2350 densusque
614 2294 715 2337 viro
748 2295 848 2337 vir‘.
889 2295 1062 2338 Contra
1093 2296 1277 2339 Servius
1310 2296 1441 2339 dicit:
1476 2300 1536 2349 ‚et
1567 2298 1639 2339 est
1668 2296 1852 2340 Homeri

332 2363 609 2406 versiculus‘.
662 2364 779 2407 Item
809 2369 970 2407 auctor
1004 2364 1097 2408 Sat.
1130 2365 1159 2406 l.
1182 2365 1237 2408 V.
1273 2366 1358 2421 (13.
1391 2365 1463 2421 27)
1493 2366 1679 2409 Homeri
1708 2366 1852 2409 locum

332 2434 484 2475 affert.

446 2502 701 2545 Macrobius
747 2518 845 2546 cum
885 2503 1041 2546 laudet
1083 2505 1298 2554 Furium,
1342 2504 1565 2561 neglegit,
1610 2505 1725 2562 quod
1764 2505 1853 2548 iam

331 2569 502 2613 Ennius
554 2586 733 2614 versum
780 2572 1065 2615 Homericum
1115 2573 1291 2616 Latinis
1344 2574 1495 2617 verbis
1542 2578 1850 2631 expresseram

328 2654 457 2695 quem
507 2655 683 2683 versum
713 2640 890 2685 Vahlen
927 2642 984 2684 A.
1007 2643 1091 2685 572
1138 2632 1202 2685 sic
1245 2643 1473 2686 restituit:
1520 2658 1598 2700 pes
1629 2644 1851 2701 premitur

330 2709 441 2765 pede
473 2711 523 2754 et
552 2710 688 2753 armis
711 2725 835 2754 arma
866 2714 1091 2756 teruntur.
1145 2711 1232 2756 Sed
1263 2713 1495 2757 maluerim
1527 2713 1723 2757 scribere
1754 2730 1851 2758 cum

331 2778 380 2820 L.
413 2779 658 2823 Muellero:

445 2848 591 2904 (Tum)
632 2850 855 2906 premitur
885 2851 996 2908 pede
1036 2867 1113 2909 pes
1145 2855 1280 2909 atque
1312 2853 1448 2896 armis
1480 2868 1606 2896 arma
1636 2856 1850 2897 teruntur
