2088 3268
1086 165 1144 206 58

361 277 478 335 quod
499 277 643 320 dicam
673 278 761 319 nisi
782 274 1036 333 Vergilium
1065 278 1121 321 iis
1152 279 1335 322 insertis
1367 278 1554 322 carmini
1586 293 1665 321 suo
1697 278 1890 321 colorem

361 346 580 404 quendam
611 346 866 390 Ennianum
895 346 1005 391 dare
1035 347 1245 392 voluisse.
1789 397 1791 399 ,

478 417 551 473 26)
583 417 625 474 (ἓ
648 417 721 471 19)
752 431 792 461 a.
815 417 922 460 XII.
945 418 1042 462 565.
1089 418 1343 476 Iuppiter
1374 418 1469 463 hac
1500 420 1615 463 stat
1639 438 1690 455 =
1713 417 1770 461 A.
1789 416 1886 461 258.

478 489 524 531 et
553 487 627 543 27)
658 501 697 531 a.
730 486 810 529 IX.
843 487 938 532 165.
986 490 1228 532 vertunt
1268 491 1532 532 crateras
1578 503 1761 532 aenos.
1823 486 1886 531 S.:

362 573 415 609 ,v.
449 572 484 599 c.
517 571 582 599 a.:
629 559 863 613 portantes
903 559 1184 611 exhauriuwt;
1233 561 1279 601 et
1320 560 1391 601 est
1429 557 1758 601 hemistichium
1800 557 1889 599 En-

364 625 574 669 nianum‘.
1262 637 1265 642 ’
1310 618 1315 622 ,

476 695 538 738 Hi
570 697 675 739 sunt
707 710 864 738 versus
897 710 1049 752 ,paene
1083 695 1216 739 solidi
1245 696 1474 740 translati‘
1506 697 1580 740 vel
1609 694 1890 740 hemistichia

364 779 390 806 a
430 764 658 807 Macrobio
705 767 753 807 et
797 764 977 808 scholiis
1019 759 1200 819 notata3
1253 766 1470 810 accedunt
1511 781 1669 810 versus
1712 763 1891 823 quidam

363 833 551 877 minoris
586 834 893 878 similitudinis
937 834 1089 891 (Macr.
1120 836 1172 890 ἐξ
1204 835 1398 890 51-53;
1443 836 1743 893 antecepimus
1775 834 1891 878 enim

367 905 418 960 ἓξ
442 904 499 947 50
532 907 579 948 et
610 904 683 960 54)
715 907 762 948 et
794 920 947 948 sensus
980 904 1196 948 translati
1227 904 1302 960 (id.
1334 906 1385 961 ἐξ
1407 905 1609 961 60-62).
1657 905 1735 948 Illi
1766 906 1889 948 sunt:

487 975 558 1029 28)
590 975 631 1030 (ξ
662 975 736 1030 51)
769 989 807 1017 a.
840 974 975 1017 VIII.
1008 975 1076 1016 91.
1124 975 1346 1017 labitur
1385 980 1559 1018 uncta
1598 975 1725 1018 vadis
1766 975 1888 1018 abies

991 1062 1043 1082 m
1076 1044 1131 1087 A.
1165 1044 1261 1087 386.
1295 1044 1467 1088 labitur
1499 1047 1634 1089 uncta
1664 1044 1830 1088 carina.

481 1113 569 1156 Sed
592 1114 825 1170 Vergilius
858 1114 995 1156 etiam
1026 1128 1063 1156 a.
1088 1114 1168 1156 IV.
1191 1115 1288 1156 398.
1320 1116 1453 1157 natat
1486 1118 1658 1157 uncta
1689 1115 1886 1158 carina.

478 1184 550 1234 29)
583 1183 623 1239 (ξ
646 1183 720 1239 52)
751 1198 789 1226 a.
812 1183 921 1225 XII.
945 1184 1041 1226 284.
1075 1199 1127 1226 ac
1157 1184 1388 1227 ferreus
1420 1184 1597 1241 ingruit
1626 1186 1803 1228 imber
1836 1202 1888 1223 Ν

1140 1280 1142 1283 -
1172 1253 1227 1296 A.
1262 1254 1357 1296 284.
1390 1253 1443 1296 fit
1475 1254 1647 1297 ferreus
1678 1254 1829 1298 imber.

479 1322 551 1378 30)
584 1323 625 1379 (ἓ
646 1322 719 1378 53)
752 1336 790 1365 a.
814 1322 922 1365 XII.
946 1323 1042 1365 493.
1076 1322 1263 1380 Apicem
1294 1325 1483 1366 tamen
1513 1323 1653 1367 incita
1675 1338 1890 1366 summum

1471 1392 1639 1437 hasta
1670 1394 1828 1437 tulit.

482 1462 538 1504 A.
572 1462 670 1504 416.
726 1464 915 1504 tamen
944 1462 1211 1505 induvolans
1252 1477 1399 1505 secum
1438 1463 1678 1505 abstulit
1720 1463 1889 1506 hasta

1639 1532 1826 1588 insigne.

478 1600 601 1656 Ergo
642 1600 728 1643 duo
770 1600 968 1643 afferunt
1010 1600 1174 1642 iterum
1205 1600 1466 1643 Ennianam.
1495 1599 1787 1644 elocutionem
1830 1600 1882 1644 ad

363 1668 540 1726 proelia
570 1670 886 1725 pertinentem.

432 1756 435 1759 ·
478 1738 686 1793 31)—34)
728 1737 938 1780 Sensus
981 1737 1232 1780 translatos
1273 1738 1331 1794 (a.
1362 1738 1466 1781 VII.
1509 1738 1594 1780 295
1627 1755 1678 1776 τυ
1712 1739 1768 1780 Α.
1802 1738 1886 1781 354

363 1810 410 1850 et
441 1822 480 1851 a.
515 1807 571 1850 V.
606 1808 689 1850 302
723 1826 775 1846 ω
808 1806 938 1850 Alex.
972 1807 1057 1862 49)·
1085 1806 1131 1849 in
1161 1807 1361 1850 Macrobi
1391 1807 1509 1850 libro
1541 1807 1774 1864 inspicias5
1820 1807 1886 1849 ul-

361 1876 471 1919 timo
505 1877 657 1919 versui
691 1876 732 1931 (§
765 1876 819 1918 62
851 1890 889 1918 a.
922 1876 977 1918 X.
1011 1876 1097 1918 284
1127 1876 1334 1918 audentis
1367 1876 1555 1918 fortuna
1583 1876 1713 1918 iuvat
1744 1894 1796 1914 Ν
1829 1876 1883 1917 A.

310 1968 312 1970 ·
361 1946 446 1988 257
492 1946 691 1989 fortibus
732 1948 802 1989 est
846 1945 1033 1989 fortuna
1075 1945 1186 1988 viris
1233 1945 1357 2000 data)
1415 1944 1597 1988 Servius
1644 1945 1745 2001 pari
1788 1945 1884 1988 iure

359 2016 567 2059 ascribit:
605 2016 961 2069 ‚Terentianum2
994 2015 1139 2058 fortes
1170 2016 1357 2058 fortuna
1388 2014 1601 2057 adiuvat&
1633 2040 1689 2044 —

479 2085 700 2134 Similiter
734 2085 919 2129 Servius
951 2085 1009 2128 ad
1039 2099 1078 2128 a.
1101 2085 1181 2128 VI.
1205 2085 1290 2129 219
1323 2099 1585 2141 ‚corpusque
1615 2084 1774 2127 lavant
1803 2084 1886 2127 fri-

357 2155 507 2210 gentis
551 2158 599 2198 et
638 2158 878 2211 unguunt‘:
920 2169 1080 2197 versus
1113 2155 1248 2196 Ennii
1289 2154 1364 2210 qui
1395 2155 1462 2196 ait
1493 2154 1569 2209 <A.
1605 2154 1728 2209 155>:
1761 2154 1884 2208 ‚Tar-

361 2224 503 2281 quinii
534 2240 695 2281 corpus
728 2226 844 2268 bona
874 2224 1039 2267 femina
1071 2223 1189 2267 lavit
1218 2225 1266 2267 et
1295 2224 1454 2267 unxit.‘

474 2294 669 2336 Constat
699 2294 812 2336 talia
835 2293 1064 2343 ‚Enniana‘
1096 2293 1238 2336 multo
1269 2293 1401 2349 plura
1430 2307 1560 2349 posse
1581 2292 1755 2346 afferri,
1788 2306 1886 2334 cum

358 2362 569 2406 universe
599 2363 656 2406 ad
689 2363 860 2419 epicum
879 2377 1029 2418 ,genus
1063 2361 1239 2405 dicendi
1268 2361 1543 2418 pertineant,
1574 2362 1697 2405 cuius
1730 2365 1886 2404 auctor

357 2431 528 2475 Ennius
569 2434 652 2475 est.
725 2431 906 2475 Scholia
946 2431 1016 2473 hic
1056 2430 1150 2474 illic
1189 2430 1303 2474 talia
1344 2432 1527 2474 notant:
1577 2445 1616 2474 a.
1648 2431 1684 2474 1.
1715 2432 1768 2474 51
1803 2429 1884 2486 (S.)

358 2502 411 2545 81
447 2501 558 2559 (DS)
597 2502 684 2545 254
717 2501 826 2557 (DS)
867 2501 929 2544 II.
962 2502 1016 2544 62
1048 2500 1158 2558 (DS)
1200 2501 1290 2544 III.
1322 2501 1405 2543 241
1439 2500 1549 2556 (DS)
1588 2501 1671 2545 IV.
1704 2501 1791 2544 596,
1820 2499 1884 2555 (8)

363 2572 417 2615 V.
450 2572 533 2615 241
568 2571 731 2626 (Schol.
755 2572 941 2629 Veron.)
973 2572 1056 2616 IX.
1088 2572 1173 2614 253
1206 2571 1271 2628 (8)
1303 2571 1409 2614 XII.
1442 2571 1527 2613 294
1558 2571 1667 2628 (DS)
1697 2572 1783 2615 499
1804 2570 1883 2626 (8).

471 2641 695 2698 Inspectis
728 2641 934 2685 XXXIV
980 2642 1185 2685 versibus
1227 2640 1467 2694 Ennianis,
1500 2655 1698 2697 ¹quorum
1741 2655 1885 2684 exem-

355 2711 785 2768 plariasscomparari
816 2714 1016 2768 possunt,
1059 2712 1268 2767 quoniam
1308 2710 1546 2753 statuimus
1579 2710 1752 2753 nullum
1782 2710 1885 2754 soli-

354 2780 457 2822 dum
501 2794 598 2823 esse
642 2780 936 2833 translatum,
986 2780 1095 2823 duos
1140 2794 1237 2823 esse
1281 2778 1446 2822 similes
1490 2779 1547 2834 (2.
1579 2779 1636 2835 6),
1680 2779 1882 2823 undecim

353 2849 637 2893 hemistichia
678 2849 860 2906 integra
901 2850 957 2906 (1.
998 2850 1036 2893 3.
1079 2850 1146 2893 11.
1191 2849 1257 2891 12.
1304 2848 1371 2890 14.
1406 2848 1473 2891 19.
1505 2849 1573 2892 20.
1606 2849 1675 2892 21.
1709 2849 1777 2891 22.
1810 2850 1881 2892 25.
