2088 3268
978 161 1033 204 69

253 272 419 330 lungen
460 274 544 329 ist,
588 276 635 318 in
676 276 828 319 diesen
857 275 954 318 vier
984 274 1192 318 Biichern
1234 275 1313 317 der
1344 275 1510 318 Aeneis
1551 275 1614 317 ist
1644 275 1768 317 nicht

257 359 344 387 von
375 345 549 401 Vergil,
583 346 774 389 sondern
808 360 893 388 von
922 344 1147 388 Naevius‘.

369 412 484 458 Sane
523 414 755 472 Vergilius
802 429 854 458 ea
901 413 1025 471 sequi
1066 413 1263 466 solebat,
1311 428 1423 471 quae
1468 415 1522 456 ab
1569 413 1767 471 antiquis

253 483 400 537 poetis
440 484 614 527 tradita
645 486 789 526 erant.
851 483 1042 526 Constat
1081 483 1300 527 Naevium
1339 499 1409 527 res
1454 487 1560 527 ante
1599 484 1768 527 bellum

257 549 466 594 Punicum
496 554 650 608 gestas
670 551 932 595 narravisse
961 551 1008 594 in
1029 552 1197 595 duobus
1229 553 1385 609 primis
1407 552 1551 606 libris,
1584 552 1768 595 Aeneae

255 635 432 663 errores
471 625 518 665 et
547 622 789 664 adventum
829 622 876 663 in
906 621 1088 664 Italiam
1117 622 1164 664 in
1193 622 1221 664 l.
1255 622 1291 673 I,
1324 622 1509 665 Romam
1539 621 1768 665 conditam

253 688 299 731 in
329 688 358 732 l.
390 689 453 732 II.
516 689 603 734 Sed
640 705 743 732 num
774 690 957 733 Aenean
999 690 1160 734 fecerit
1201 690 1258 733 ad
1289 691 1475 733 Africae
1514 691 1650 733 litora
1693 690 1767 733 de-

252 758 430 815 pulsum
445 759 495 814 59)
526 761 674 816 ibique
704 760 870 802 Didoni
900 760 954 802 de
988 761 1215 802 erroribus
1246 760 1519 803 referentem
1550 774 1766 802 amorem-

253 843 336 884 que
367 829 650 881 incitantem,
694 829 801 872 haec
840 828 986 872 omnia
1021 829 1156 871 dubia
1186 831 1302 871 sunt.
1365 828 1494 881 Quod
1525 829 1640 870 enim
1675 843 1767 870 ser-

253 902 406 940 vatum
452 900 522 941 est
566 897 678 940 illud
723 897 1024 954 fragmentum
1070 897 1154 953 (24.
1193 897 1264 953 Β.)
1315 897 1490 951 ,blande
1541 900 1588 940 et
1638 897 1767 939 docte

251 969 515 1024 percontat‘,
537 982 625 1009 non
641 967 756 1010 Dido
779 966 961 1010 videtur
983 969 1261 1023 percontare,
1286 967 1361 1010 sed
1378 966 1567 1010 Latinus
1590 966 1765 1023 hospes,

253 1037 355 1092 quia
386 1036 442 1078 ad
472 1037 501 1078 l.
533 1036 585 1077 Π
615 1036 915 1091 fragmentum
946 1036 1168 1092 pertinet,
1208 1037 1386 1079 Aeneas
1421 1039 1570 1079 autem
1600 1036 1687 1077 iam
1720 1036 1767 1077 in

240 1103 280 1148 ¹1.
313 1106 337 1148 I
381 1106 428 1148 in
470 1105 653 1149 Italiam
695 1106 913 1163 pervenit.
983 1105 1051 1149 De
1095 1105 1290 1158 Didone,
1339 1121 1467 1163 quam
1503 1105 1675 1149 Vahlen
1720 1107 1767 1147 et

251 1175 409 1217 Noack
459 1177 615 1227 ,totam
654 1176 943 1218 Naevianam‘
993 1190 1088 1218 esse
1137 1175 1347 1226 credunt,
1399 1175 1511 1217 nihil
1555 1175 1765 1217 habemus

251 1243 499 1286 testimonii
527 1243 613 1286 nisi
643 1243 755 1285 illud
788 1243 915 1286 Servi
947 1243 1018 1299 (ad
1050 1243 1132 1285 IV.
1155 1243 1222 1299 9):
1267 1243 1401 1296 ,cuius
1443 1243 1562 1286 filiae
1591 1243 1766 1285 fuerint

254 1313 384 1354 Anna
415 1314 462 1354 et
481 1312 612 1364 Dido,
644 1312 842 1354 Naevius
865 1311 987 1354 dicit‘
1005 1312 1077 1367 (cf.
1103 1346 1110 1353 .
1134 1312 1302 1355 Heinze
1326 1313 1397 1354 l.].
1421 1328 1461 1369 p.
1483 1313 1565 1354 113
1586 1326 1685 1354 ann.
1712 1312 1764 1361 1.,

252 1381 374 1424 cuius
406 1381 676 1424 sententiam
706 1383 940 1438 comprobo
972 1381 1107 1424 etiam
1138 1382 1183 1423 in
1214 1381 1432 1439 reliquis).

367 1449 661 1505 Inspiciamus
682 1449 836 1505 igitur,
869 1464 981 1505 quae
1002 1450 1177 1492 tradita
1201 1451 1292 1493 sint
1323 1451 1375 1493 de
1396 1452 1568 1494 Naevio
1585 1451 1767 1507 Vergili

250 1518 503 1576 exemplari.
575 1518 900 1563 Gravissimum
948 1519 1254 1563 testimonium
1301 1520 1507 1564 debemus
1539 1520 1767 1564 Macrobio

248 1589 348 1644 (VI.
381 1589 420 1630 2.
453 1588 564 1643 31.):
611 1588 676 1641 ,In
706 1589 925 1646 principio
956 1589 1182 1632 Aeneidos
1214 1592 1458 1647 tempestas
1491 1590 1765 1633 describitur

248 1657 303 1712 <L
336 1658 389 1700 81
404 1657 520 1714 sqq.)
551 1659 598 1699 et
616 1657 767 1699 Venus
798 1657 915 1713 apud
947 1658 1100 1700 Iovem
1133 1660 1335 1715 queritur
1368 1659 1421 1701 de
1443 1660 1651 1715 periculis
1687 1659 1766 1700 filii

248 1727 305 1782 <Ι.
338 1727 422 1769 226
437 1726 552 1783 sqq>
597 1729 644 1769 et
673 1726 880 1782 Iuppiter
923 1740 1018 1769 eam
1062 1727 1115 1769 de
1159 1728 1416 1771 futurorum
1458 1728 1766 1784 prosperitate

249 1796 422 1840 solatur
453 1796 510 1851 <Ι.
542 1795 627 1837 254
640 1795 775 1851 sqq.>;
809 1794 878 1837 hic
908 1794 1029 1837 locus
1061 1797 1187 1838 totus
1221 1799 1421 1852 sumptus
1444 1811 1471 1839 a
1492 1797 1663 1839 Naevio
1697 1799 1767 1838 est

249 1881 304 1909 ex
333 1865 474 1923 primo
495 1864 611 1908 libro
630 1863 750 1907 Belli
771 1863 948 1918 Punici;
971 1863 1064 1907 illic
1086 1864 1201 1907 enim
1224 1879 1363 1922 aeque
1378 1865 1529 1909 Venus
1554 1864 1764 1908 Troianis

248 1937 518 1991 tempestate
557 1933 867 1976 laborantibus
913 1948 1009 1975 cum
1054 1934 1160 1976 Iove
1207 1935 1415 1990 queritur
1461 1938 1508 1977 et
1551 1938 1766 1978 secuntur

249 2006 388 2047 verba
418 2004 538 2046 Iovis
570 2002 708 2044 filiam
732 2002 1004 2044 consolantis
1033 2018 1107 2059 spe
1129 2003 1410 2046 futurorum&
1465 2005 1560 2047 Hoc
1581 2004 1767 2047 videtur

250 2072 409 2128 augeri
431 2070 735 2114 commentarii
756 2070 877 2112 aucti
908 2070 964 2112 ad
985 2085 1025 2112 v.
1054 2072 1135 2113 198
1157 2072 1461 2125 annotatione,
1494 2073 1569 2114 ubi
1587 2072 1765 2116 Aeneas

249 2141 519 2184 describitur
554 2154 655 2182 suos
687 2139 943 2182 adhortari:
987 2155 1024 2192 ‚o
1056 2140 1183 2183 socii:
1226 2147 1270 2183 et
1303 2144 1426 2185 totus
1456 2141 1527 2184 hic
1558 2142 1680 2185 locus
1712 2142 1765 2185 de

249 2209 395 2253 Naevi
424 2208 469 2251 Ι0
514 2208 593 2263 (sic
637 2210 776 2250 recte'
804 2208 1031 2250 Baehrens
1075 2208 1132 2251 fr.
1176 2210 1247 2264 16)
1291 2210 1401 2252 belli
1446 2211 1601 2253 Punici
1646 2211 1763 2253 libro

249 2279 502 2324 translatus
535 2280 629 2321 est‘.
692 2277 780 2321 Sed
818 2278 979 2330 miror,
1027 2278 1145 2335 quod
1175 2279 1446 2333 Macrobius,
1494 2281 1567 2337 qui
1609 2280 1763 2323 multis

249 2349 400 2392 verbis
431 2348 528 2404 agit
559 2347 611 2390 de
641 2349 744 2390 tota
772 2346 1048 2399 imitatione,
1089 2349 1137 2389 et
1166 2348 1213 2390 in
1246 2349 1422 2404 Vergili
1461 2349 1557 2392 loco
1599 2349 1763 2391 descri-

177 2411 183 2415 ’
249 2419 391 2462 bendo
423 2422 469 2461 et
499 2418 546 2460 in
567 2417 712 2460 Naevi
743 2416 933 2459 carmine
955 2416 1258 2460 adumbrando
1280 2419 1564 2475 tempestatis
1587 2419 1764 2475 quidem

250 2490 297 2531 et
317 2488 500 2531 deorum
521 2486 827 2530 collocutionis
848 2485 1114 2528 mentionem
1145 2486 1267 2539 facit,
1300 2487 1415 2530 hunc
1436 2490 1584 2531 autem
1606 2488 1763 2540 locum,

177 2562 179 2564 ’
249 2558 325 2600 ubi
356 2557 588 2613 Vergilius
630 2571 733 2599 suos
777 2554 1069 2608 adhortatur,
1111 2555 1293 2598 silentio
1336 2557 1570 2613 praeterit.
1635 2557 1764 2610 Quod

249 2626 387 2670 miror
418 2642 469 2670 eo
499 2626 664 2682 magis,
709 2625 812 2682 quia
842 2624 1095 2667 Macrobius
1137 2627 1183 2667 et
1214 2626 1556 2682 commentarius
1588 2628 1761 2669 auctus.

249 2698 302 2739 ut
321 2696 397 2752 qui
416 2710 556 2753 paene
577 2694 734 2738 iisdem
754 2693 903 2737 verbis
925 2708 1018 2736 rem
1039 2697 1211 2744 notent,
1236 2694 1376 2737 eidem
1393 2696 1512 2738 fonti
1532 2695 1761 2739 scientiam

370 2791 430 2833 59)
456 2790 503 2824 Ut
529 2789 617 2824 fides
653 2790 700 2823 sit
734 2789 989 2823 commentario
1016 2793 1123 2823 aucto
1151 2787 1197 2822 ad
1223 2798 1253 2822 a.
1280 2788 1306 2821 1.
1338 2789 1424 2830 198,
1459 2793 1579 2822 tamen
1616 2786 1761 2821 dubium

250 2850 317 2891 cst,
344 2858 390 2882 an
416 2848 524 2882 etiam
550 2849 586 2882 in
612 2847 738 2882 Africa
765 2848 921 2882 Naevius
946 2846 1074 2881 fecerit
1103 2846 1298 2890 Vergilium
1324 2847 1440 2881 socios
1467 2845 1723 2880 consolantem.
