2088 3268
883 134 940 177 29

270 251 415 295 Taceo
458 250 513 294 de
558 250 727 294 duobus
773 250 873 294 aliis
918 250 1027 294 locis
1069 251 1301 295 Hesiodeis
1344 255 1404 308 (g.
1437 252 1472 294 Ι.
1503 252 1589 294 245
1619 251 1667 293 et

154 321 269 377 276),
310 335 419 378 quos
449 321 582 363 notat
612 318 819 375 Servius;
867 320 944 364 sed
981 320 1064 364 hoc
1102 335 1300 364 moneam
1330 346 1385 351 —
1416 335 1503 378 qua
1533 320 1587 363 de
1617 334 1666 362 re

154 406 253 436 cum
296 389 519 433 Morschio
563 389 790 432 consentio
830 415 886 420 —-
926 405 1079 433 errare
1124 391 1330 446 antiquos
1373 391 1664 446 interpretes,

153 474 252 504 cum
280 459 494 502 universa
522 457 746 514 Georgica
775 458 831 500 ad
851 457 1038 501 Hesiodi
1068 460 1293 517 exemplar
1323 474 1349 501 a
1379 463 1514 516 poeta
1542 458 1666 501 facta

154 545 251 575 esse
282 530 504 573 censeant.
556 528 673 571 Nam
703 543 799 571 cum
819 529 1030 586 perpauci
1058 529 1145 573 loci
1175 530 1475 582 inveniantur,
1509 528 1666 585 quibus

155 598 389 656 Vergilius
420 597 663 641 Hesiodum
704 597 907 641 imitatus
950 598 1031 653 sit,
1076 599 1129 642 de
1171 598 1364 643 Hesiodo
1407 597 1668 641 testimonia

154 668 347 713 omnino
368 667 499 711 fidem
538 682 624 711 non
668 667 831 711 habere
861 674 1061 725 apparet.
1123 668 1349 712 Videntur
1380 667 1496 711 enim
1524 667 1665 710 inter-

157 740 324 795 preteS,
369 753 465 781 cum
507 752 641 779 unum
683 737 913 781 novissent
942 738 1184 781 Hesiodum
1215 753 1366 781 rerum
1397 738 1668 780 rusticarum

156 810 336 865 poetam
376 809 511 863 atque
553 808 844 849 observarent
886 807 1012 849 illum
1052 807 1123 849 hic
1152 807 1247 850 illic
1277 821 1304 849 a
1335 806 1541 862 Vergilio
1572 805 1666 847 lau-

155 877 269 931 dari,
312 876 494 919 adducti
536 890 646 929 esse,
687 878 740 919 ut
779 877 951 920 omnino
982 876 1251 920 Hesiodeum
1282 890 1458 919 carmen
1489 874 1668 930 Vergili

154 960 252 989 esse
282 945 509 1002 exemplar
538 948 783 988 censerent.

270 1068 338 1111 De
367 1068 529 1113 Arato
559 1068 744 1124 legimus
785 1068 1001 1124 scriptum
1041 1068 1160 1125 apud
1190 1067 1417 1110 Servium:
1465 1067 1539 1122 (ad
1569 1081 1610 1122 g.
1643 1067 1667 1108 Ι

153 1137 278 1194 354);
331 1138 481 1192 ‚etiam
521 1153 575 1181 ex
615 1137 697 1181 hoo
738 1137 834 1181 loco
874 1137 1161 1195 prognostica
1201 1139 1306 1180 sunt
1344 1136 1574 1180 translata
1612 1136 1666 1179 de

154 1209 315 1261 Arato,
347 1221 487 1264 pauca
517 1207 571 1250 de
600 1207 765 1250 multis‘
798 1207 870 1263 (cf.
902 1208 958 1250 ad
980 1208 1077 1249 366.
1108 1207 1214 1260 432;
1246 1207 1407 1249 Brevis
1429 1206 1666 1263 Expositio

154 1276 267 1331 396).
298 1278 345 1320 et
377 1275 496 1333 apud
515 1275 786 1319 Macrobium
815 1275 888 1333 (V.
911 1277 949 1319 2.
972 1275 1038 1332 4):
1074 1276 1380 1328 ,Dicturumne
1400 1291 1468 1319 me
1489 1275 1664 1332 putatis

153 1360 219 1399 ea,
252 1359 364 1402 quae
386 1344 520 1401 vulgo
540 1347 650 1387 nota
680 1347 798 1398 sunt,
831 1378 839 1387 .
865 1378 873 1387 .
896 1345 1014 1401 quod
1033 1345 1079 1387 in
1109 1345 1218 1401 ipsis
1241 1344 1475 1400 Georgicis
1497 1347 1664 1400 tempe-

154 1415 289 1458 statis
312 1414 655 1470 serenitatisque
687 1414 814 1470 signa
844 1414 898 1458 de
917 1414 1057 1458 Arati
1086 1413 1408 1457 Phaenomenis
1438 1413 1663 1457 traxerit‘.

158 1512 208 1517 —
240 1484 467 1539 Quomodo
499 1484 727 1541 VergiJius
759 1485 897 1528 Arati
929 1484 1276 1539 ‚Phaenomenis‘
1309 1500 1412 1528 usus
1445 1485 1508 1528 sit
1538 1487 1596 1542 (g.
1628 1485 1663 1527 I.

154 1554 412 1610 351—460)‚
446 1555 535 1597 Leo
567 1554 735 1610 (Herm.
766 1554 1010 1597 XXXVII.
1044 1555 1207 1611 Vergil
1236 1555 1326 1598 und
1358 1555 1429 1598 die
1461 1555 1590 1607 Ciris,
1622 1571 1662 1611 p.

156 1625 213 1667 50
226 1623 339 1681 sqq.)
371 1621 713 1667 demonstravit:
758 1623 948 1680 primum
992 1624 1107 1667 enim
1137 1626 1283 1668 totam
1312 1624 1549 1668 materiam
1578 1639 1666 1668 non

158 1693 327 1749 digerit
356 1692 413 1736 ad
444 1693 643 1736 ordinem
673 1693 837 1736 Arati:
873 1695 910 1745 l)
943 1694 1071 1750 signa
1099 1688 1233 1737 lunae
1264 1694 1307 1748 2)
1341 1694 1446 1737 80118
1478 1694 1521 1746 3)
1553 1693 1664 1737 side-

153 1778 252 1806 rum
291 1762 562 1819 <778—908>
606 1762 651 1817 4)
682 1761 912 1817 ὑπέργειαε
959 1762 1087 1820 signa
1125 1763 1252 1807 venti
1291 1763 1471 1821 pluviae
1503 1763 1665 1807 sereni-

153 1833 265 1876 tatis
296 1832 580 1889 tempestatis
611 1831 937 1888 <908-1111>;
981 1832 1057 1875 sed
1097 1833 1321 1890 prooemio
1353 1833 1474 1875 facto
1507 1833 1665 1889 (351—

154 1902 256 1959 355)
287 1905 459 1946 tractat

271 1986 312 2042 1)
345 1986 473 2043 signa
502 1985 787 2042 tempestatis
819 1986 1066 2040 (356—392
1100 2003 1152 2024 τυ
1183 1987 1316 2030 Arat.
1351 1987 1595 2042 909—987)

426 2055 469 2111 a)
501 2055 555 2098 de
583 2054 730 2097 ventis
791 2055 834 2109 b)
867 2055 921 2098 de
951 2055 1117 2112 pluviis

266 2124 310 2180 2)
342 2124 470 2180 signa
500 2123 761 2167 serenitatis
791 2124 1038 2180 (393-423
1070 2143 1123 2163 ω
1154 2125 1285 2168 Arat.
1319 2125 1592 2180 987-1012)

426 2192 469 2249 a)
500 2193 714 2250 negativa
790 2193 835 2248 b)
868 2193 1065 2250 positiva

152 2263 324 2306 Deinde
352 2263 481 2306 brevi
511 2262 734 2319 prooemio
766 2263 819 2306 de
849 2262 955 2306 luna
987 2263 1168 2320 soleque
1199 2264 1318 2307 facto
1342 2264 1586 2320 (424—426
1610 2282 1662 2303 m

150 2332 285 2376 Arat.
316 2333 400 2375 773
415 2333 526 2390 sqq.)

265 2401 309 2458 3)
340 2402 466 2458 signa
495 2401 627 2444 lunae
657 2401 901 2457 (427—437
934 2424 981 2437 «-
1016 2402 1147 2444 Arat.
1181 2403 1427 2457 778—818)

265 2471 310 2526 4)
342 2471 470 2526 signa
501 2470 606 2513 solis
641 2470 886 2524 (438—460
917 2487 969 2508 πυ
1001 2470 1135 2513 Arat.
1168 2471 1426 2527 819—891).

263 2550 549 2595 Permutavit
577 2549 719 2608 igitur
762 2549 880 2593 inter
922 2563 967 2593 se
999 2549 1136 2594 Arati
1167 2550 1276 2594 duas
1319 2555 1471 2607 partes
1501 2551 1662 2609 princi-

150 2619 273 2675 pales
290 2652 299 2669 ,
342 2634 454 2675 quae
501 2623 627 2662 sunt:
675 2620 715 2673 1)
747 2619 876 2674 signa
906 2633 930 2660 e
960 2619 1082 2660 caelo
1114 2620 1342 2661 venientia
1373 2622 1420 2661 et
1461 2620 1505 2674 2)
1536 2621 1663 2675 signa

147 2704 173 2734 e
202 2691 331 2734 terra
361 2689 561 2748 marique
592 2687 839 2744 venientia,
885 2687 1082 2733 fortasse
1124 2690 1177 2733 ut
1218 2687 1300 2734 hac
1330 2689 1662 2747 permutatione

146 2758 271 2801 sacta
300 2759 514 2802 transitio
546 2760 655 2801 bene
685 2759 765 2801 fiat
795 2772 822 2800 a
853 2758 957 2801 solis
991 2758 1127 2814 signis
1160 2758 1218 2800 ad
1246 2760 1549 2814 precationem
1581 2775 1661 2816 pro
