<?xml version="1.0" encoding="UTF-8"?>
<!DOCTYPE html PUBLIC "-//W3C//DTD XHTML 1.0 Transitional//EN"
    "http://www.w3.org/TR/xhtml1/DTD/xhtml1-transitional.dtd">
<html xmlns="http://www.w3.org/1999/xhtml" xml:lang="en" lang="en">
 <head>
  <title>
</title>
<meta http-equiv="Content-Type" content="text/html;charset=utf-8" />
  <meta name='ocr-system' content='tesseract 3.04.00' />
  <meta name='ocr-capabilities' content='ocr_page ocr_carea ocr_par ocr_line ocrx_word'/>
</head>
<body>
  <div class='ocr_page' id='page_1' title='image "4737831_0031.png"; bbox 0 0 2088 3268; ppageno 0'>
   <div class='ocr_carea' id='block_1_1' title="bbox 376 219 1917 2949">
    <p class='ocr_par' dir='ltr' id='par_1_1' title="bbox 388 219 1908 458">
     <span class='ocr_line' id='line_1_1' title="bbox 1121 219 1176 261; baseline 0 0"><span class='ocrx_word' id='word_1_1' title='bbox 1121 219 1176 261; x_wconf 88' lang='grc'>22</span> 
     </span>
     <span class='ocr_line' id='line_1_2' title="bbox 388 330 1908 389; baseline 0.002 -16"><span class='ocrx_word' id='word_1_2' title='bbox 388 330 507 387; x_wconf 90' lang='lat' dir='ltr'>quod</span> <span class='ocrx_word' id='word_1_3' title='bbox 539 330 772 387; x_wconf 89' lang='lat' dir='ltr'>Vergilius</span> <span class='ocrx_word' id='word_1_4' title='bbox 818 331 912 374; x_wconf 88' lang='lat' dir='ltr'>sine</span> <span class='ocrx_word' id='word_1_5' title='bbox 943 331 1076 375; x_wconf 90' lang='lat' dir='ltr'>dubio</span> <span class='ocrx_word' id='word_1_6' title='bbox 1118 332 1234 376; x_wconf 87' lang='lat' dir='ltr'>artis</span> <span class='ocrx_word' id='word_1_7' title='bbox 1264 332 1462 389; x_wconf 78' lang='lat' dir='ltr'>magicae</span> <span class='ocrx_word' id='word_1_8' title='bbox 1502 332 1717 377; x_wconf 87' lang='lat' dir='ltr'>nonnulla</span> <span class='ocrx_word' id='word_1_9' title='bbox 1760 334 1908 376; x_wconf 90' lang='lat' dir='ltr'>trans-</span> 
     </span>
     <span class='ocr_line' id='line_1_3' title="bbox 389 400 1695 458; baseline 0 -14"><span class='ocrx_word' id='word_1_10' title='bbox 389 400 500 445; x_wconf 86' lang='lat' dir='ltr'>tulit</span> <span class='ocrx_word' id='word_1_11' title='bbox 531 400 586 445; x_wconf 91' lang='lat' dir='ltr'>de</span> <span class='ocrx_word' id='word_1_12' title='bbox 615 401 774 445; x_wconf 84' lang='lat' dir='ltr'>Medea</span> <span class='ocrx_word' id='word_1_13' title='bbox 806 401 863 445; x_wconf 89' lang='lat' dir='ltr'>ad</span> <span class='ocrx_word' id='word_1_14' title='bbox 894 416 1069 458; x_wconf 86' lang='lat' dir='ltr'>magam</span> <span class='ocrx_word' id='word_1_15' title='bbox 1099 417 1236 445; x_wconf 88' lang='lat' dir='ltr'>suam.</span> <span class='ocrx_word' id='word_1_16' title='bbox 1299 402 1429 458; x_wconf 85' lang='lat' dir='ltr'>(Arg.</span> <span class='ocrx_word' id='word_1_17' title='bbox 1460 403 1549 445; x_wconf 88' lang='lat'>111.</span> <span class='ocrx_word' id='word_1_18' title='bbox 1581 403 1695 457; x_wconf 83' lang='lat'>532).</span> 
     </span>
    </p>

    <p class='ocr_par' dir='ltr' id='par_1_2' title="bbox 389 469 1911 1009">
     <span class='ocr_line' id='line_1_4' title="bbox 506 469 1908 528; baseline 0.001 -16"><span class='ocrx_word' id='word_1_19' title='bbox 506 469 591 513; x_wconf 90' lang='lat' dir='ltr'>His</span> <span class='ocrx_word' id='word_1_20' title='bbox 621 470 835 527; x_wconf 83' lang='lat' dir='ltr'>inspectis</span> <span class='ocrx_word' id='word_1_21' title='bbox 878 471 1009 513; x_wconf 90' lang='lat' dir='ltr'>rebus</span> <span class='ocrx_word' id='word_1_22' title='bbox 1043 470 1252 528; x_wconf 89' lang='lat' dir='ltr'>antiquos</span> <span class='ocrx_word' id='word_1_23' title='bbox 1294 471 1569 528; x_wconf 79' lang='lat' dir='ltr'>interpretes</span> <span class='ocrx_word' id='word_1_24' title='bbox 1601 471 1699 515; x_wconf 89' lang='lat' dir='ltr'>veri</span> <span class='ocrx_word' id='word_1_25' title='bbox 1740 471 1908 528; x_wconf 77' lang='lat' dir='ltr'>aliquid</span> 
     </span>
     <span class='ocr_line' id='line_1_5' title="bbox 390 539 1907 597; baseline 0 -15"><span class='ocrx_word' id='word_1_26' title='bbox 390 539 702 583; x_wconf 88' lang='lat' dir='ltr'>observavisse</span> <span class='ocrx_word' id='word_1_27' title='bbox 734 540 907 596; x_wconf 81' lang='lat' dir='ltr'>negari</span> <span class='ocrx_word' id='word_1_28' title='bbox 926 555 1014 583; x_wconf 89' lang='lat' dir='ltr'>non</span> <span class='ocrx_word' id='word_1_29' title='bbox 1043 542 1209 596; x_wconf 88' lang='lat' dir='ltr'>potest.</span> <span class='ocrx_word' id='word_1_30' title='bbox 1263 540 1350 584; x_wconf 87' lang='lat' dir='ltr'>Sed</span> <span class='ocrx_word' id='word_1_31' title='bbox 1371 540 1600 597; x_wconf 86' lang='lat' dir='ltr'>Vergilius</span> <span class='ocrx_word' id='word_1_32' title='bbox 1632 544 1725 584; x_wconf 88' lang='lat' dir='ltr'>tam</span> <span class='ocrx_word' id='word_1_33' title='bbox 1756 541 1907 597; x_wconf 89' lang='lat' dir='ltr'>paucis</span> 
     </span>
     <span class='ocr_line' id='line_1_6' title="bbox 390 607 1905 667; baseline 0.002 -18"><span class='ocrx_word' id='word_1_34' title='bbox 390 609 524 651; x_wconf 86' lang='lat' dir='ltr'>rebus</span> <span class='ocrx_word' id='word_1_35' title='bbox 555 607 847 664; x_wconf 89' lang='lat' dir='ltr'>Apollonium</span> <span class='ocrx_word' id='word_1_36' title='bbox 879 614 1059 652; x_wconf 88' lang='lat' dir='ltr'>secutus</span> <span class='ocrx_word' id='word_1_37' title='bbox 1104 611 1174 653; x_wconf 88' lang='lat' dir='ltr'>est</span> <span class='ocrx_word' id='word_1_38' title='bbox 1203 612 1340 666; x_wconf 90' lang='lat' dir='ltr'>atque</span> <span class='ocrx_word' id='word_1_39' title='bbox 1370 612 1501 652; x_wconf 88' lang='lat' dir='ltr'>tanta</span> <span class='ocrx_word' id='word_1_40' title='bbox 1531 612 1630 653; x_wconf 90' lang='lat' dir='ltr'>arte</span> <span class='ocrx_word' id='word_1_41' title='bbox 1674 609 1802 667; x_wconf 80' lang='lat' dir='ltr'><strong>quasi</strong></span> <span class='ocrx_word' id='word_1_42' title='bbox 1831 624 1905 652; x_wconf 94' lang='lat' dir='ltr'>no-</span> 
     </span>
     <span class='ocr_line' id='line_1_7' title="bbox 391 676 1908 735; baseline 0.001 -18"><span class='ocrx_word' id='word_1_43' title='bbox 391 691 492 720; x_wconf 91' lang='lat' dir='ltr'>vam</span> <span class='ocrx_word' id='word_1_44' title='bbox 522 676 654 719; x_wconf 87' lang='lat' dir='ltr'>finxit</span> <span class='ocrx_word' id='word_1_45' title='bbox 683 677 874 732; x_wconf 89' lang='lat' dir='ltr'>figuram</span> <span class='ocrx_word' id='word_1_46' title='bbox 905 677 1094 721; x_wconf 86' lang='lat' dir='ltr'>Didonis</span> <span class='ocrx_word' id='word_1_47' title='bbox 1126 678 1342 731; x_wconf 81' lang='lat' dir='ltr'>amantis,</span> <span class='ocrx_word' id='word_1_48' title='bbox 1383 680 1436 721; x_wconf 93' lang='lat' dir='ltr'>ut</span> <span class='ocrx_word' id='word_1_49' title='bbox 1467 692 1732 735; x_wconf 88' lang='lat' dir='ltr'>quamquam</span> <span class='ocrx_word' id='word_1_50' title='bbox 1762 678 1908 734; x_wconf 91' lang='lat' dir='ltr'>singu-</span> 
     </span>
     <span class='ocr_line' id='line_1_8' title="bbox 389 743 1907 802; baseline 0.001 -15"><span class='ocrx_word' id='word_1_51' title='bbox 389 745 505 788; x_wconf 90' lang='lat' dir='ltr'>laria</span> <span class='ocrx_word' id='word_1_52' title='bbox 536 745 755 802; x_wconf 84' lang='lat' dir='ltr'>quaedam</span> <span class='ocrx_word' id='word_1_53' title='bbox 785 748 1062 802; x_wconf 86' lang='lat' dir='ltr'>congruunt,</span> <span class='ocrx_word' id='word_1_54' title='bbox 1107 749 1258 790; x_wconf 90' lang='lat' dir='ltr'>tamen</span> <span class='ocrx_word' id='word_1_55' title='bbox 1286 747 1500 790; x_wconf 86' lang='lat' dir='ltr'>universa</span> <span class='ocrx_word' id='word_1_56' title='bbox 1539 746 1632 790; x_wconf 87' lang='lat' dir='ltr'>sint</span> <span class='ocrx_word' id='word_1_57' title='bbox 1661 743 1907 790; x_wconf 84' lang='lat' dir='ltr'>dissimilia.</span> 
     </span>
     <span class='ocr_line' id='line_1_9' title="bbox 390 814 1911 872; baseline 0 -15"><span class='ocrx_word' id='word_1_58' title='bbox 390 815 514 870; x_wconf 91' lang='lat' dir='ltr'>Ergo</span> <span class='ocrx_word' id='word_1_59' title='bbox 547 817 594 858; x_wconf 87' lang='lat' dir='ltr'>et</span> <span class='ocrx_word' id='word_1_60' title='bbox 615 814 747 858; x_wconf 86' lang='lat' dir='ltr'>Servi</span> <span class='ocrx_word' id='word_1_61' title='bbox 778 819 825 858; x_wconf 86' lang='lat' dir='ltr'>et</span> <span class='ocrx_word' id='word_1_62' title='bbox 844 815 1043 859; x_wconf 92' lang='lat' dir='ltr'>Macrobi</span> <span class='ocrx_word' id='word_1_63' title='bbox 1074 816 1335 859; x_wconf 90' lang='lat' dir='ltr'>testimonia</span> <span class='ocrx_word' id='word_1_64' title='bbox 1364 831 1458 859; x_wconf 90' lang='lat' dir='ltr'>rem</span> <span class='ocrx_word' id='word_1_65' title='bbox 1487 815 1639 859; x_wconf 88' lang='lat' dir='ltr'>verbis</span> <span class='ocrx_word' id='word_1_66' title='bbox 1667 815 1911 872; x_wconf 62' lang='lat' dir='ltr'>&gt;designant</span> 
     </span>
     <span class='ocr_line' id='line_1_10' title="bbox 390 883 1909 943; baseline 0.001 -17"><span class='ocrx_word' id='word_1_67' title='bbox 390 884 521 927; x_wconf 90' lang='lat' dir='ltr'>nimis</span> <span class='ocrx_word' id='word_1_68' title='bbox 552 883 873 938; x_wconf 72' lang='lat' dir='ltr'>immoderatis,</span> <span class='ocrx_word' id='word_1_69' title='bbox 915 900 1012 928; x_wconf 89' lang='lat' dir='ltr'>cum</span> <span class='ocrx_word' id='word_1_70' title='bbox 1042 885 1225 943; x_wconf 84' lang='lat' dir='ltr'>Vergili</span> <span class='ocrx_word' id='word_1_71' title='bbox 1264 886 1428 928; x_wconf 91' lang='lat' dir='ltr'>librum</span> <span class='ocrx_word' id='word_1_72' title='bbox 1459 887 1605 929; x_wconf 88' lang='lat' dir='ltr'>totum</span> <span class='ocrx_word' id='word_1_73' title='bbox 1636 899 1777 942; x_wconf 90' lang='lat' dir='ltr'>paene</span> <span class='ocrx_word' id='word_1_74' title='bbox 1815 885 1909 928; x_wconf 85' lang='lat' dir='ltr'>for—</span> 
     </span>
     <span class='ocr_line' id='line_1_11' title="bbox 389 953 1815 1009; baseline 0 -13"><span class='ocrx_word' id='word_1_75' title='bbox 389 955 559 996; x_wconf 89' lang='lat' dir='ltr'>matum</span> <span class='ocrx_word' id='word_1_76' title='bbox 589 953 647 996; x_wconf 91' lang='lat' dir='ltr'>ad</span> <span class='ocrx_word' id='word_1_77' title='bbox 678 953 792 1009; x_wconf 89' lang='lat' dir='ltr'>Arg.</span> <span class='ocrx_word' id='word_1_78' title='bbox 824 953 853 996; x_wconf 95' lang='lat' dir='ltr'>l.</span> <span class='ocrx_word' id='word_1_79' title='bbox 886 953 956 998; x_wconf 92' lang='lat' dir='ltr'>IV</span> <span class='ocrx_word' id='word_1_80' title='bbox 986 955 1060 997; x_wconf 91' lang='lat' dir='ltr'>vel</span> <span class='ocrx_word' id='word_1_81' title='bbox 1091 955 1195 998; x_wconf 89' lang='lat' dir='ltr'>inde</span> <span class='ocrx_word' id='word_1_82' title='bbox 1225 955 1496 998; x_wconf 87' lang='lat' dir='ltr'>translatum</span> <span class='ocrx_word' id='word_1_83' title='bbox 1528 968 1625 997; x_wconf 91' lang='lat' dir='ltr'>esse</span> <span class='ocrx_word' id='word_1_84' title='bbox 1652 954 1815 996; x_wconf 88' lang='lat' dir='ltr'>dicant.</span> 
     </span>
    </p>

    <p class='ocr_par' dir='ltr' id='par_1_3' title="bbox 390 1022 1910 1219">
     <span class='ocr_line' id='line_1_12' title="bbox 506 1022 1910 1080; baseline 0.001 -16"><span class='ocrx_word' id='word_1_85' title='bbox 506 1022 550 1078; x_wconf 92' lang='lat'>3)</span> <span class='ocrx_word' id='word_1_86' title='bbox 582 1036 619 1064; x_wconf 90' lang='lat' dir='ltr'>a.</span> <span class='ocrx_word' id='word_1_87' title='bbox 652 1022 707 1065; x_wconf 88' lang='lat' dir='ltr'>V.</span> <span class='ocrx_word' id='word_1_88' title='bbox 738 1023 838 1065; x_wconf 86' lang='grc'>426.</span> <span class='ocrx_word' id='word_1_89' title='bbox 872 1022 926 1065; x_wconf 85' lang='lat' dir='ltr'>S:</span> <span class='ocrx_word' id='word_1_90' title='bbox 974 1025 1058 1076; x_wconf 91' lang='lat' dir='ltr'>,est</span> <span class='ocrx_word' id='word_1_91' title='bbox 1087 1026 1237 1067; x_wconf 86' lang='lat' dir='ltr'>autem</span> <span class='ocrx_word' id='word_1_92' title='bbox 1267 1024 1339 1067; x_wconf 90' lang='lat' dir='ltr'>hic</span> <span class='ocrx_word' id='word_1_93' title='bbox 1368 1025 1494 1067; x_wconf 87' lang='lat' dir='ltr'>totus</span> <span class='ocrx_word' id='word_1_94' title='bbox 1534 1023 1655 1066; x_wconf 91' lang='lat' dir='ltr'>locus</span> <span class='ocrx_word' id='word_1_95' title='bbox 1687 1023 1741 1065; x_wconf 91' lang='lat' dir='ltr'>de</span> <span class='ocrx_word' id='word_1_96' title='bbox 1772 1023 1910 1080; x_wconf 90' lang='lat' dir='ltr'>Apol-</span> 
     </span>
     <span class='ocr_line' id='line_1_13' title="bbox 390 1091 1908 1149; baseline 0.001 -16"><span class='ocrx_word' id='word_1_97' title='bbox 390 1091 510 1134; x_wconf 90' lang='lat' dir='ltr'>lonio</span> <span class='ocrx_word' id='word_1_98' title='bbox 550 1092 682 1147; x_wconf 79' lang='lat' dir='ltr'>(Arg.</span> <span class='ocrx_word' id='word_1_99' title='bbox 716 1092 777 1134; x_wconf 89' lang='grc' dir='ltr'>Π.</span> <span class='ocrx_word' id='word_1_100' title='bbox 811 1093 833 1134; x_wconf 91' lang='grc'>1</span> <span class='ocrx_word' id='word_1_101' title='bbox 855 1093 971 1149; x_wconf 77' lang='lat' dir='ltr'>sqq.)</span> <span class='ocrx_word' id='word_1_102' title='bbox 1013 1093 1280 1136; x_wconf 90' lang='lat' dir='ltr'>translatus‘</span> <span class='ocrx_word' id='word_1_103' title='bbox 1323 1093 1396 1149; x_wconf 91' lang='lat' dir='ltr'>(al.</span> <span class='ocrx_word' id='word_1_104' title='bbox 1429 1092 1676 1135; x_wconf 86' lang='lat' dir='ltr'>Macrobius</span> <span class='ocrx_word' id='word_1_105' title='bbox 1707 1092 1763 1135; x_wconf 90' lang='lat' dir='ltr'>V.</span> <span class='ocrx_word' id='word_1_106' title='bbox 1798 1093 1837 1135; x_wconf 90' lang='grc'>7.</span> <span class='ocrx_word' id='word_1_107' title='bbox 1868 1093 1908 1134; x_wconf 83' lang='grc'>5.</span> 
     </span>
     <span class='ocr_line' id='line_1_14' title="bbox 391 1160 1534 1219; baseline 0.001 -16"><span class='ocrx_word' id='word_1_108' title='bbox 391 1161 528 1204; x_wconf 83' lang='lat' dir='ltr'>affert</span> <span class='ocrx_word' id='word_1_109' title='bbox 558 1161 686 1204; x_wconf 90' lang='lat' dir='ltr'>Hom.</span> <span class='ocrx_word' id='word_1_110' title='bbox 728 1164 782 1203; x_wconf 80' lang='grc' dir='ltr'>Ψ.</span> <span class='ocrx_word' id='word_1_111' title='bbox 816 1162 912 1215; x_wconf 80' lang='lat'>685,</span> <span class='ocrx_word' id='word_1_112' title='bbox 945 1162 1000 1205; x_wconf 89' lang='lat' dir='ltr'>cf.</span> <span class='ocrx_word' id='word_1_113' title='bbox 1034 1161 1076 1206; x_wconf 88' lang='lat' dir='ltr'>S.</span> <span class='ocrx_word' id='word_1_114' title='bbox 1109 1162 1177 1205; x_wconf 89' lang='lat' dir='ltr'>ad.</span> <span class='ocrx_word' id='word_1_115' title='bbox 1213 1162 1266 1204; x_wconf 90' lang='lat' dir='ltr'>V.</span> <span class='ocrx_word' id='word_1_116' title='bbox 1302 1162 1339 1204; x_wconf 91' lang='lat'>1.</span> <span class='ocrx_word' id='word_1_117' title='bbox 1371 1177 1413 1219; x_wconf 88' lang='lat' dir='ltr'>p.</span> <span class='ocrx_word' id='word_1_118' title='bbox 1448 1160 1534 1217; x_wconf 85' lang='lat'>17).</span> 
     </span>
    </p>

    <p class='ocr_par' dir='ltr' id='par_1_4' title="bbox 391 1230 1913 1704">
     <span class='ocr_line' id='line_1_15' title="bbox 512 1230 1911 1287; baseline -0.001 -14"><span class='ocrx_word' id='word_1_119' title='bbox 512 1256 561 1261; x_wconf 88' lang='lat'>—</span> <span class='ocrx_word' id='word_1_120' title='bbox 595 1230 730 1274; x_wconf 85' lang='lat' dir='ltr'>Servi</span> <span class='ocrx_word' id='word_1_121' title='bbox 762 1232 903 1274; x_wconf 86' lang='lat' dir='ltr'>verba</span> <span class='ocrx_word' id='word_1_122' title='bbox 933 1246 1031 1273; x_wconf 91' lang='lat' dir='ltr'>cum</span> <span class='ocrx_word' id='word_1_123' title='bbox 1062 1232 1118 1274; x_wconf 90' lang='lat' dir='ltr'>ad</span> <span class='ocrx_word' id='word_1_124' title='bbox 1150 1246 1246 1274; x_wconf 91' lang='lat' dir='ltr'>eum</span> <span class='ocrx_word' id='word_1_125' title='bbox 1280 1246 1458 1274; x_wconf 89' lang='lat' dir='ltr'>versum</span> <span class='ocrx_word' id='word_1_126' title='bbox 1488 1231 1717 1287; x_wconf 89' lang='lat' dir='ltr'>adscripta</span> <span class='ocrx_word' id='word_1_127' title='bbox 1748 1231 1851 1282; x_wconf 90' lang='lat' dir='ltr'>sint,</span> <span class='ocrx_word' id='word_1_128' title='bbox 1884 1244 1911 1272; x_wconf 88' lang='lat' dir='ltr'>a</span> 
     </span>
     <span class='ocr_line' id='line_1_16' title="bbox 391 1299 1910 1357; baseline 0.001 -17"><span class='ocrx_word' id='word_1_129' title='bbox 391 1314 477 1355; x_wconf 92' lang='lat' dir='ltr'>quo</span> <span class='ocrx_word' id='word_1_130' title='bbox 509 1299 653 1356; x_wconf 89' lang='lat' dir='ltr'>ipsum</span> <span class='ocrx_word' id='word_1_131' title='bbox 693 1303 923 1343; x_wconf 79' lang='lat' dir='ltr'>certamen</span> <span class='ocrx_word' id='word_1_132' title='bbox 953 1301 1133 1356; x_wconf 80' lang='lat' dir='ltr'>incipit,</span> <span class='ocrx_word' id='word_1_133' title='bbox 1174 1300 1230 1343; x_wconf 91' lang='lat' dir='ltr'>ad</span> <span class='ocrx_word' id='word_1_134' title='bbox 1269 1302 1416 1343; x_wconf 89' lang='lat' dir='ltr'>totum</span> <span class='ocrx_word' id='word_1_135' title='bbox 1447 1302 1673 1344; x_wconf 88' lang='lat' dir='ltr'>certamen</span> <span class='ocrx_word' id='word_1_136' title='bbox 1712 1299 1910 1357; x_wconf 89' lang='lat' dir='ltr'>pugilum</span> 
     </span>
     <span class='ocr_line' id='line_1_17' title="bbox 391 1368 1910 1426; baseline 0.001 -16"><span class='ocrx_word' id='word_1_137' title='bbox 391 1368 625 1426; x_wconf 86' lang='lat' dir='ltr'>pertinere</span> <span class='ocrx_word' id='word_1_138' title='bbox 647 1368 872 1412; x_wconf 87' lang='lat' dir='ltr'>videntur.</span> <span class='ocrx_word' id='word_1_139' title='bbox 924 1369 1078 1426; x_wconf 90' lang='lat' dir='ltr'>Atque</span> <span class='ocrx_word' id='word_1_140' title='bbox 1091 1369 1335 1426; x_wconf 88' lang='lat' dir='ltr'>Vergilius,</span> <span class='ocrx_word' id='word_1_141' title='bbox 1368 1384 1630 1426; x_wconf 89' lang='lat' dir='ltr'>quamquam</span> <span class='ocrx_word' id='word_1_142' title='bbox 1663 1369 1910 1426; x_wconf 86' lang='lat' dir='ltr'>,peripetia‘</span> 
     </span>
     <span class='ocr_line' id='line_1_18' title="bbox 391 1437 1911 1496; baseline 0 -16"><span class='ocrx_word' id='word_1_143' title='bbox 391 1437 579 1480; x_wconf 89' lang='lat' dir='ltr'>inducta</span> <span class='ocrx_word' id='word_1_144' title='bbox 618 1441 830 1481; x_wconf 89' lang='lat' dir='ltr'>eventum</span> <span class='ocrx_word' id='word_1_145' title='bbox 860 1442 1020 1493; x_wconf 87' lang='lat' dir='ltr'>mutat,</span> <span class='ocrx_word' id='word_1_146' title='bbox 1066 1447 1219 1482; x_wconf 83' lang='lat' dir='ltr'>tamen</span> <span class='ocrx_word' id='word_1_147' title='bbox 1260 1439 1308 1481; x_wconf 93' lang='lat' dir='ltr'>in</span> <span class='ocrx_word' id='word_1_148' title='bbox 1338 1453 1391 1481; x_wconf 91' lang='lat' dir='ltr'>ea</span> <span class='ocrx_word' id='word_1_149' title='bbox 1434 1454 1484 1481; x_wconf 90' lang='lat' dir='ltr'>re</span> <span class='ocrx_word' id='word_1_150' title='bbox 1514 1438 1803 1496; x_wconf 89' lang='lat' dir='ltr'>Apollonium</span> <span class='ocrx_word' id='word_1_151' title='bbox 1846 1453 1911 1481; x_wconf 91' lang='lat' dir='ltr'>se-</span> 
     </span>
     <span class='ocr_line' id='line_1_19' title="bbox 392 1507 1913 1565; baseline 0 -15"><span class='ocrx_word' id='word_1_152' title='bbox 392 1507 562 1564; x_wconf 89' lang='lat' dir='ltr'>quitur,</span> <span class='ocrx_word' id='word_1_153' title='bbox 606 1507 723 1565; x_wconf 91' lang='lat' dir='ltr'>quod</span> <span class='ocrx_word' id='word_1_154' title='bbox 756 1508 949 1552; x_wconf 85' lang='lat' dir='ltr'>alterum</span> <span class='ocrx_word' id='word_1_155' title='bbox 988 1508 1354 1552; x_wconf 86' lang='lat' dir='ltr'>adversariorum</span> <span class='ocrx_word' id='word_1_156' title='bbox 1398 1508 1509 1552; x_wconf 86' lang='lat' dir='ltr'>facit</span> <span class='ocrx_word' id='word_1_157' title='bbox 1538 1508 1634 1551; x_wconf 89' lang='lat' dir='ltr'>ictu</span> <span class='ocrx_word' id='word_1_158' title='bbox 1675 1508 1913 1551; x_wconf 85' lang='lat' dir='ltr'>deerrante</span> 
     </span>
     <span class='ocr_line' id='line_1_20' title="bbox 393 1576 1912 1634; baseline 0 -15"><span class='ocrx_word' id='word_1_159' title='bbox 393 1577 718 1631; x_wconf 86' lang='lat' dir='ltr'>concidentem;</span> <span class='ocrx_word' id='word_1_160' title='bbox 766 1577 904 1620; x_wconf 89' lang='lat' dir='ltr'>etiam</span> <span class='ocrx_word' id='word_1_161' title='bbox 933 1578 1031 1634; x_wconf 88' lang='lat' dir='ltr'>ipse</span> <span class='ocrx_word' id='word_1_162' title='bbox 1063 1578 1141 1621; x_wconf 91' lang='lat' dir='ltr'>ille</span> <span class='ocrx_word' id='word_1_163' title='bbox 1172 1593 1344 1631; x_wconf 80' lang='lat' dir='ltr'>versus,</span> <span class='ocrx_word' id='word_1_164' title='bbox 1376 1577 1433 1620; x_wconf 87' lang='lat' dir='ltr'>ad</span> <span class='ocrx_word' id='word_1_165' title='bbox 1464 1592 1593 1634; x_wconf 91' lang='lat' dir='ltr'>quem</span> <span class='ocrx_word' id='word_1_166' title='bbox 1621 1576 1806 1620; x_wconf 84' lang='lat' dir='ltr'>Servius</span> <span class='ocrx_word' id='word_1_167' title='bbox 1838 1591 1912 1620; x_wconf 86' lang='lat' dir='ltr'>an-</span> 
     </span>
     <span class='ocr_line' id='line_1_21' title="bbox 391 1646 1723 1704; baseline -0.001 -14"><span class='ocrx_word' id='word_1_168' title='bbox 391 1646 673 1690; x_wconf 85' lang='lat' dir='ltr'>notationem</span> <span class='ocrx_word' id='word_1_169' title='bbox 703 1647 828 1701; x_wconf 87' lang='lat' dir='ltr'>facit,</span> <span class='ocrx_word' id='word_1_170' title='bbox 861 1647 1079 1704; x_wconf 89' lang='lat' dir='ltr'>Apolloni</span> <span class='ocrx_word' id='word_1_171' title='bbox 1109 1663 1288 1691; x_wconf 90' lang='lat' dir='ltr'>versum</span> <span class='ocrx_word' id='word_1_172' title='bbox 1319 1647 1500 1691; x_wconf 85' lang='lat' dir='ltr'>videtur</span> <span class='ocrx_word' id='word_1_173' title='bbox 1530 1647 1723 1690; x_wconf 88' lang='lat' dir='ltr'>imitari:</span> 
     </span>
    </p>

    <p class='ocr_par' dir='ltr' id='par_1_5' title="bbox 393 1716 1915 1909">
     <span class='ocr_line' id='line_1_22' title="bbox 510 1716 1912 1773; baseline 0.001 -16"><span class='ocrx_word' id='word_1_174' title='bbox 510 1716 608 1758; x_wconf 88' lang='grc'>426.</span> <span class='ocrx_word' id='word_1_175' title='bbox 653 1716 866 1759; x_wconf 89' lang='lat' dir='ltr'>constitit</span> <span class='ocrx_word' id='word_1_176' title='bbox 904 1717 951 1759; x_wconf 90' lang='lat' dir='ltr'>in</span> <span class='ocrx_word' id='word_1_177' title='bbox 990 1716 1157 1773; x_wconf 90' lang='lat' dir='ltr'>digitos</span> <span class='ocrx_word' id='word_1_178' title='bbox 1202 1716 1424 1773; x_wconf 84' lang='lat' dir='ltr'>extemplo</span> <span class='ocrx_word' id='word_1_179' title='bbox 1464 1718 1670 1760; x_wconf 88' lang='lat' dir='ltr'>arrectus</span> <span class='ocrx_word' id='word_1_180' title='bbox 1708 1719 1912 1773; x_wconf 88' lang='lat' dir='ltr'>uterque.</span> 
     </span>
     <span class='ocr_line' id='line_1_23' title="bbox 393 1785 1915 1842; baseline 0 -15"><span class='ocrx_word' id='word_1_181' title='bbox 393 1786 479 1842; x_wconf 90' lang='lat' dir='ltr'>Ap.</span> <span class='ocrx_word' id='word_1_182' title='bbox 523 1785 587 1827; x_wconf 92' lang='grc' dir='ltr'>Π.</span> <span class='ocrx_word' id='word_1_183' title='bbox 632 1787 700 1828; x_wconf 86' lang='grc'>90.</span> <span class='ocrx_word' id='word_1_184' title='bbox 745 1789 858 1828; x_wconf 83' lang='grc' dir='ltr'><em>ἔνθα</em></span> <span class='ocrx_word' id='word_1_185' title='bbox 901 1786 937 1828; x_wconf 83' lang='grc' dir='ltr'>δ’</span> <span class='ocrx_word' id='word_1_186' title='bbox 983 1786 1109 1828; x_wconf 70' lang='grc' dir='ltr'><em>ἔπειτ’</em></span> <span class='ocrx_word' id='word_1_187' title='bbox 1144 1786 1332 1840; x_wconf 74' lang='grc' dir='ltr'><strong><em>’Ἄμυκος</em></strong></span> <span class='ocrx_word' id='word_1_188' title='bbox 1376 1785 1457 1839; x_wconf 77' lang='grc' dir='ltr'>μὲν</span> <span class='ocrx_word' id='word_1_189' title='bbox 1499 1785 1560 1827; x_wconf 77' lang='grc' dir='ltr'>ἐπ’</span> <span class='ocrx_word' id='word_1_190' title='bbox 1609 1786 1915 1839; x_wconf 79' lang='grc' dir='ltr'><em>ἀκροτάτοισιν</em></span> 
     </span>
     <span class='ocr_line' id='line_1_24' title="bbox 396 1850 1449 1909; baseline 0 -12"><span class='ocrx_word' id='word_1_191' title='bbox 396 1854 577 1908; x_wconf 80' lang='grc' dir='ltr'><strong><em>ἀερθεὶς</em></strong></span> <span class='ocrx_word' id='word_1_192' title='bbox 607 1855 831 1909; x_wconf 79' lang='grc' dir='ltr'><em>βούτυπος</em></span> <span class='ocrx_word' id='word_1_193' title='bbox 862 1850 932 1898; x_wconf 86' lang='grc' dir='ltr'>οἶα</span> <span class='ocrx_word' id='word_1_194' title='bbox 962 1856 1158 1909; x_wconf 81' lang='grc' dir='ltr'><em>πόδεσσι,</em></span> <span class='ocrx_word' id='word_1_195' title='bbox 1189 1856 1449 1898; x_wconf 83' lang='grc' dir='ltr'><em>τανύσσατο.</em></span> 
     </span>
    </p>

    <p class='ocr_par' dir='ltr' id='par_1_6' title="bbox 376 1924 1917 2949">
     <span class='ocr_line' id='line_1_25' title="bbox 511 1924 1910 1981; baseline 0.001 -15"><span class='ocrx_word' id='word_1_196' title='bbox 511 1925 594 1967; x_wconf 90' lang='lat' dir='ltr'>His</span> <span class='ocrx_word' id='word_1_197' title='bbox 636 1924 805 1967; x_wconf 89' lang='lat' dir='ltr'>duabus</span> <span class='ocrx_word' id='word_1_198' title='bbox 849 1926 978 1967; x_wconf 89' lang='lat' dir='ltr'>rebus</span> <span class='ocrx_word' id='word_1_199' title='bbox 1020 1925 1292 1981; x_wconf 87' lang='lat' dir='ltr'>interpretes</span> <span class='ocrx_word' id='word_1_200' title='bbox 1334 1924 1517 1967; x_wconf 90' lang='lat' dir='ltr'>adducti</span> <span class='ocrx_word' id='word_1_201' title='bbox 1550 1924 1759 1967; x_wconf 88' lang='lat' dir='ltr'>videntur</span> <span class='ocrx_word' id='word_1_202' title='bbox 1802 1938 1910 1978; x_wconf 88' lang='lat' dir='ltr'>esse,</span> 
     </span>
     <span class='ocr_line' id='line_1_26' title="bbox 394 1994 1911 2052; baseline 0 -16"><span class='ocrx_word' id='word_1_203' title='bbox 394 1996 446 2037; x_wconf 86' lang='lat' dir='ltr'>ut</span> <span class='ocrx_word' id='word_1_204' title='bbox 480 1996 639 2046; x_wconf 88' lang='lat' dir='ltr'>,totum</span> <span class='ocrx_word' id='word_1_205' title='bbox 669 1994 812 2037; x_wconf 90' lang='lat' dir='ltr'>locum</span> <span class='ocrx_word' id='word_1_206' title='bbox 857 1994 910 2037; x_wconf 86' lang='lat' dir='ltr'>de</span> <span class='ocrx_word' id='word_1_207' title='bbox 942 1994 1185 2052; x_wconf 90' lang='lat' dir='ltr'>Apollonio</span> <span class='ocrx_word' id='word_1_208' title='bbox 1216 1995 1491 2038; x_wconf 85' lang='lat' dir='ltr'>translatum</span> <span class='ocrx_word' id='word_1_209' title='bbox 1522 1996 1632 2037; x_wconf 78' lang='lat' dir='ltr'>esse‘</span> <span class='ocrx_word' id='word_1_210' title='bbox 1665 1996 1911 2037; x_wconf 88' lang='lat' dir='ltr'>censerent.</span> 
     </span>
     <span class='ocr_line' id='line_1_27' title="bbox 394 2062 1913 2121; baseline 0.001 -16"><span class='ocrx_word' id='word_1_211' title='bbox 394 2063 509 2106; x_wconf 90' lang='lat' dir='ltr'>Nam</span> <span class='ocrx_word' id='word_1_212' title='bbox 548 2064 596 2105; x_wconf 90' lang='lat' dir='ltr'>in</span> <span class='ocrx_word' id='word_1_213' title='bbox 634 2063 820 2119; x_wconf 88' lang='lat' dir='ltr'>reliquis</span> <span class='ocrx_word' id='word_1_214' title='bbox 864 2064 941 2106; x_wconf 85' lang='lat' dir='ltr'>vix</span> <span class='ocrx_word' id='word_1_215' title='bbox 981 2064 1186 2107; x_wconf 86' lang='lat' dir='ltr'>simultas</span> <span class='ocrx_word' id='word_1_216' title='bbox 1228 2078 1474 2121; x_wconf 89' lang='lat' dir='ltr'>quaequam</span> <span class='ocrx_word' id='word_1_217' title='bbox 1515 2063 1756 2107; x_wconf 89' lang='lat' dir='ltr'>invenitur.</span> <span class='ocrx_word' id='word_1_218' title='bbox 1827 2062 1913 2106; x_wconf 87' lang='lat' dir='ltr'>Ille</span> 
     </span>
     <span class='ocr_line' id='line_1_28' title="bbox 394 2132 1915 2190; baseline -0.001 -14"><span class='ocrx_word' id='word_1_219' title='bbox 394 2132 524 2186; x_wconf 82' lang='lat' dir='ltr'>enim,</span> <span class='ocrx_word' id='word_1_220' title='bbox 566 2139 806 2190; x_wconf 87' lang='lat' dir='ltr'>postquam</span> <span class='ocrx_word' id='word_1_221' title='bbox 836 2133 1001 2176; x_wconf 86' lang='lat' dir='ltr'>Pollux</span> <span class='ocrx_word' id='word_1_222' title='bbox 1043 2137 1089 2176; x_wconf 90' lang='lat' dir='ltr'>et</span> <span class='ocrx_word' id='word_1_223' title='bbox 1121 2135 1319 2189; x_wconf 88' lang='lat' dir='ltr'>Amycus</span> <span class='ocrx_word' id='word_1_224' title='bbox 1353 2133 1553 2176; x_wconf 90' lang='lat' dir='ltr'>manibus</span> <span class='ocrx_word' id='word_1_225' title='bbox 1594 2132 1783 2176; x_wconf 89' lang='lat' dir='ltr'>sublatis</span> <span class='ocrx_word' id='word_1_226' title='bbox 1815 2148 1915 2175; x_wconf 90' lang='lat' dir='ltr'>con-</span> 
     </span>
     <span class='ocr_line' id='line_1_29' title="bbox 394 2202 1914 2259; baseline -0.001 -14"><span class='ocrx_word' id='word_1_227' title='bbox 394 2202 540 2257; x_wconf 88' lang='lat' dir='ltr'>gressi</span> <span class='ocrx_word' id='word_1_228' title='bbox 571 2205 688 2256; x_wconf 90' lang='lat' dir='ltr'>sunt,</span> <span class='ocrx_word' id='word_1_229' title='bbox 722 2205 819 2245; x_wconf 89' lang='lat' dir='ltr'>tres</span> <span class='ocrx_word' id='word_1_230' title='bbox 851 2202 1070 2245; x_wconf 85' lang='lat' dir='ltr'>describit</span> <span class='ocrx_word' id='word_1_231' title='bbox 1099 2202 1330 2259; x_wconf 85' lang='lat' dir='ltr'>pugilatus</span> <span class='ocrx_word' id='word_1_232' title='bbox 1361 2204 1538 2259; x_wconf 86' lang='lat' dir='ltr'>partes:</span> <span class='ocrx_word' id='word_1_233' title='bbox 1570 2202 1711 2259; x_wconf 87' lang='lat' dir='ltr'>primo</span> <span class='ocrx_word' id='word_1_234' title='bbox 1743 2203 1914 2245; x_wconf 80' lang='lat'>67—78</span> 
     </span>
     <span class='ocr_line' id='line_1_30' title="bbox 396 2271 1912 2328; baseline 0.001 -15"><span class='ocrx_word' id='word_1_235' title='bbox 396 2274 596 2327; x_wconf 89' lang='lat' dir='ltr'>Amycus</span> <span class='ocrx_word' id='word_1_236' title='bbox 638 2272 929 2328; x_wconf 89' lang='lat' dir='ltr'>persequitur</span> <span class='ocrx_word' id='word_1_237' title='bbox 959 2271 1188 2315; x_wconf 86' lang='lat' dir='ltr'>Pollucem</span> <span class='ocrx_word' id='word_1_238' title='bbox 1230 2272 1299 2328; x_wconf 90' lang='lat' dir='ltr'>(ut</span> <span class='ocrx_word' id='word_1_239' title='bbox 1337 2271 1472 2315; x_wconf 88' lang='lat' dir='ltr'>maris</span> <span class='ocrx_word' id='word_1_240' title='bbox 1513 2271 1675 2315; x_wconf 92' lang='lat' dir='ltr'>fluctus</span> <span class='ocrx_word' id='word_1_241' title='bbox 1715 2271 1912 2328; x_wconf 87' lang='lat' dir='ltr'>navem);</span> 
     </span>
     <span class='ocr_line' id='line_1_31' title="bbox 396 2340 1915 2397; baseline 0 -14"><span class='ocrx_word' id='word_1_242' title='bbox 396 2340 558 2383; x_wconf 89' lang='lat' dir='ltr'>deinde</span> <span class='ocrx_word' id='word_1_243' title='bbox 589 2341 795 2397; x_wconf 83' lang='lat'>(79—85)</span> <span class='ocrx_word' id='word_1_244' title='bbox 826 2340 1017 2384; x_wconf 90' lang='lat' dir='ltr'>alterius</span> <span class='ocrx_word' id='word_1_245' title='bbox 1050 2341 1095 2382; x_wconf 92' lang='lat' dir='ltr'>in</span> <span class='ocrx_word' id='word_1_246' title='bbox 1126 2341 1317 2383; x_wconf 86' lang='lat' dir='ltr'>alterum</span> <span class='ocrx_word' id='word_1_247' title='bbox 1338 2354 1490 2397; x_wconf 88' lang='lat' dir='ltr'>pugna</span> <span class='ocrx_word' id='word_1_248' title='bbox 1520 2340 1783 2396; x_wconf 90' lang='lat' dir='ltr'>sonitusque</span> <span class='ocrx_word' id='word_1_249' title='bbox 1811 2340 1915 2383; x_wconf 90' lang='lat' dir='ltr'>inde</span> 
     </span>
     <span class='ocr_line' id='line_1_32' title="bbox 396 2408 1916 2466; baseline 0.001 -14"><span class='ocrx_word' id='word_1_250' title='bbox 396 2411 525 2452; x_wconf 91' lang='lat' dir='ltr'>ortus</span> <span class='ocrx_word' id='word_1_251' title='bbox 566 2412 885 2466; x_wconf 85' lang='lat' dir='ltr'>comparantur</span> <span class='ocrx_word' id='word_1_252' title='bbox 930 2424 1028 2452; x_wconf 89' lang='lat' dir='ltr'>cum</span> <span class='ocrx_word' id='word_1_253' title='bbox 1059 2424 1193 2466; x_wconf 87' lang='lat' dir='ltr'>opere</span> <span class='ocrx_word' id='word_1_254' title='bbox 1238 2409 1435 2465; x_wconf 87' lang='lat' dir='ltr'>lignarii,</span> <span class='ocrx_word' id='word_1_255' title='bbox 1481 2408 1558 2466; x_wconf 92' lang='lat' dir='ltr'>qui</span> <span class='ocrx_word' id='word_1_256' title='bbox 1600 2409 1725 2464; x_wconf 88' lang='lat' dir='ltr'>ligna</span> <span class='ocrx_word' id='word_1_257' title='bbox 1754 2408 1916 2453; x_wconf 85' lang='lat' dir='ltr'>mallea</span> 
     </span>
     <span class='ocr_line' id='line_1_33' title="bbox 396 2477 1915 2535; baseline 0 -14"><span class='ocrx_word' id='word_1_258' title='bbox 396 2478 550 2521; x_wconf 87' lang='lat' dir='ltr'>tundit</span> <span class='ocrx_word' id='word_1_259' title='bbox 602 2481 648 2521; x_wconf 85' lang='lat' dir='ltr'>et</span> <span class='ocrx_word' id='word_1_260' title='bbox 694 2478 835 2521; x_wconf 88' lang='lat' dir='ltr'>clavis</span> <span class='ocrx_word' id='word_1_261' title='bbox 882 2478 1080 2521; x_wconf 91' lang='lat' dir='ltr'>sonitum</span> <span class='ocrx_word' id='word_1_262' title='bbox 1126 2479 1287 2533; x_wconf 78' lang='lat' dir='ltr'>efficit;</span> <span class='ocrx_word' id='word_1_263' title='bbox 1340 2478 1481 2521; x_wconf 87' lang='lat' dir='ltr'>tertio</span> <span class='ocrx_word' id='word_1_264' title='bbox 1527 2477 1732 2533; x_wconf 82' lang='lat'>(86—97)</span> <span class='ocrx_word' id='word_1_265' title='bbox 1776 2492 1915 2535; x_wconf 87' lang='lat' dir='ltr'>pausa</span> 
     </span>
     <span class='ocr_line' id='line_1_34' title="bbox 396 2546 1914 2604; baseline 0.001 -15"><span class='ocrx_word' id='word_1_266' title='bbox 396 2548 519 2590; x_wconf 86' lang='lat' dir='ltr'>facta</span> <span class='ocrx_word' id='word_1_267' title='bbox 545 2550 791 2604; x_wconf 62' lang='lat' dir='ltr'>,postquam</span> <span class='ocrx_word' id='word_1_268' title='bbox 835 2550 890 2591; x_wconf 91' lang='lat' dir='ltr'>ut</span> <span class='ocrx_word' id='word_1_269' title='bbox 919 2548 1042 2591; x_wconf 89' lang='lat' dir='ltr'>tauri</span> <span class='ocrx_word' id='word_1_270' title='bbox 1087 2548 1141 2591; x_wconf 92' lang='lat' dir='ltr'>de</span> <span class='ocrx_word' id='word_1_271' title='bbox 1180 2561 1316 2591; x_wconf 87' lang='lat' dir='ltr'>vacca</span> <span class='ocrx_word' id='word_1_272' title='bbox 1356 2547 1578 2591; x_wconf 90' lang='lat' dir='ltr'>certaturi</span> <span class='ocrx_word' id='word_1_273' title='bbox 1606 2546 1772 2590; x_wconf 89' lang='lat' dir='ltr'>iterum</span> <span class='ocrx_word' id='word_1_274' title='bbox 1816 2562 1914 2591; x_wconf 85' lang='lat' dir='ltr'>con·</span> 
     </span>
     <span class='ocr_line' id='line_1_35' title="bbox 396 2615 1916 2672; baseline 0 -13"><span class='ocrx_word' id='word_1_275' title='bbox 396 2617 540 2672; x_wconf 89' lang='lat' dir='ltr'>gressi</span> <span class='ocrx_word' id='word_1_276' title='bbox 582 2619 699 2670; x_wconf 90' lang='lat' dir='ltr'>sunt,</span> <span class='ocrx_word' id='word_1_277' title='bbox 734 2618 934 2672; x_wconf 88' lang='lat' dir='ltr'>Amycus</span> <span class='ocrx_word' id='word_1_278' title='bbox 976 2616 1071 2660; x_wconf 90' lang='lat' dir='ltr'>ictu</span> <span class='ocrx_word' id='word_1_279' title='bbox 1100 2616 1340 2659; x_wconf 87' lang='lat' dir='ltr'>deerrante</span> <span class='ocrx_word' id='word_1_280' title='bbox 1384 2616 1579 2670; x_wconf 87' lang='lat' dir='ltr'>corruit;</span> <span class='ocrx_word' id='word_1_281' title='bbox 1621 2617 1716 2658; x_wconf 88' lang='lat' dir='ltr'>tum</span> <span class='ocrx_word' id='word_1_282' title='bbox 1756 2630 1783 2659; x_wconf 87' lang='lat' dir='ltr'>a</span> <span class='ocrx_word' id='word_1_283' title='bbox 1813 2615 1916 2659; x_wconf 92' lang='lat' dir='ltr'>Pol-</span> 
     </span>
     <span class='ocr_line' id='line_1_36' title="bbox 395 2685 1915 2743; baseline 0 -14"><span class='ocrx_word' id='word_1_284' title='bbox 395 2686 493 2730; x_wconf 89' lang='lat' dir='ltr'>luce</span> <span class='ocrx_word' id='word_1_285' title='bbox 527 2701 764 2743; x_wconf 89' lang='lat' dir='ltr'>oppressus</span> <span class='ocrx_word' id='word_1_286' title='bbox 812 2688 858 2729; x_wconf 90' lang='lat' dir='ltr'>et</span> <span class='ocrx_word' id='word_1_287' title='bbox 890 2700 1026 2742; x_wconf 87' lang='lat' dir='ltr'>supra</span> <span class='ocrx_word' id='word_1_288' title='bbox 1069 2700 1222 2728; x_wconf 87' lang='lat' dir='ltr'>aurem</span> <span class='ocrx_word' id='word_1_289' title='bbox 1252 2686 1369 2728; x_wconf 90' lang='lat' dir='ltr'>ictus</span> <span class='ocrx_word' id='word_1_290' title='bbox 1415 2685 1621 2728; x_wconf 83' lang='lat' dir='ltr'>moritur.</span> <span class='ocrx_word' id='word_1_291' title='bbox 1685 2685 1915 2742; x_wconf 86' lang='lat' dir='ltr'>Vergilius</span> 
     </span>
     <span class='ocr_line' id='line_1_37' title="bbox 396 2754 1917 2812; baseline 0.001 -15"><span class='ocrx_word' id='word_1_292' title='bbox 396 2755 538 2799; x_wconf 87' lang='lat' dir='ltr'>multo</span> <span class='ocrx_word' id='word_1_293' title='bbox 569 2755 712 2811; x_wconf 88' lang='lat' dir='ltr'>magis</span> <span class='ocrx_word' id='word_1_294' title='bbox 746 2755 931 2807; x_wconf 85' lang='lat' dir='ltr'>studuit,</span> <span class='ocrx_word' id='word_1_295' title='bbox 978 2758 1032 2798; x_wconf 91' lang='lat' dir='ltr'>ut</span> <span class='ocrx_word' id='word_1_296' title='bbox 1061 2757 1202 2812; x_wconf 89' lang='lat' dir='ltr'>ipsam</span> <span class='ocrx_word' id='word_1_297' title='bbox 1234 2754 1467 2811; x_wconf 90' lang='lat' dir='ltr'>pugilandi</span> <span class='ocrx_word' id='word_1_298' title='bbox 1495 2757 1640 2797; x_wconf 86' lang='lat' dir='ltr'>artem</span> <span class='ocrx_word' id='word_1_299' title='bbox 1683 2755 1917 2812; x_wconf 87' lang='lat' dir='ltr'>perspicue</span> 
     </span>
     <span class='ocr_line' id='line_1_38' title="bbox 376 2816 1916 2868; baseline 0.001 -2"><span class='ocrx_word' id='word_1_300' title='bbox 376 2816 688 2868; x_wconf 72' lang='lat' dir='ltr'>describeret.</span> <span class='ocrx_word' id='word_1_301' title='bbox 762 2824 977 2867; x_wconf 90' lang='lat' dir='ltr'>Videmus</span> <span class='ocrx_word' id='word_1_302' title='bbox 1022 2824 1138 2867; x_wconf 90' lang='lat' dir='ltr'>enim</span> <span class='ocrx_word' id='word_1_303' title='bbox 1177 2824 1394 2867; x_wconf 91' lang='lat' dir='ltr'>Daretam</span> <span class='ocrx_word' id='word_1_304' title='bbox 1435 2823 1699 2867; x_wconf 88' lang='lat' dir='ltr'>velociorem</span> <span class='ocrx_word' id='word_1_305' title='bbox 1739 2823 1916 2867; x_wconf 86' lang='lat' dir='ltr'>frustra</span> 
     </span>
     <span class='ocr_line' id='line_1_39' title="bbox 397 2892 1915 2949; baseline -0.001 -13"><span class='ocrx_word' id='word_1_306' title='bbox 397 2894 647 2936; x_wconf 88' lang='lat' dir='ltr'>irruentem</span> <span class='ocrx_word' id='word_1_307' title='bbox 677 2893 724 2935; x_wconf 90' lang='lat' dir='ltr'>in</span> <span class='ocrx_word' id='word_1_308' title='bbox 755 2893 985 2936; x_wconf 86' lang='lat' dir='ltr'>Entellum</span> <span class='ocrx_word' id='word_1_309' title='bbox 1017 2893 1275 2949; x_wconf 88' lang='lat' dir='ltr'>graviorem</span> <span class='ocrx_word' id='word_1_310' title='bbox 1305 2895 1352 2935; x_wconf 94' lang='lat' dir='ltr'>et</span> <span class='ocrx_word' id='word_1_311' title='bbox 1384 2892 1680 2946; x_wconf 73' lang='lat' dir='ltr'>stabiliorem,</span> <span class='ocrx_word' id='word_1_312' title='bbox 1714 2892 1915 2935; x_wconf 89' lang='lat' dir='ltr'>audimus</span> 
     </span>
    </p>
   </div>
  </div>
 </body>
</html>
