2088 3268
1125 182 1183 225 48

393 298 692 343 tractavimus
742 298 802 357 (g.
844 299 907 342 11.
948 299 1034 342 458
1050 313 1144 356 sqq.
1187 313 1228 342 v.
1272 314 1313 355 p.
1353 298 1427 355 44)
1479 298 1706 343 addendus
1762 300 1834 341 est
1878 310 1917 339 a.

394 369 431 411 1.
462 368 547 411 742
561 382 672 425 sqq„
703 368 826 412 cuius
848 368 935 411 duo
956 383 1114 412 versus
1146 369 1348 425 (745-sq.)
1379 382 1403 411 3
1424 382 1467 424 g.
1490 367 1551 411 II.
1582 368 1667 411 481
1685 382 1748 425 sq.
1770 370 1919 411 trans-

396 438 484 481 lati
516 440 634 491 sunt,
667 438 882 495 ,solisque
912 437 1101 481 labores‘
1134 444 1229 481 cum
1260 452 1303 493 g.
1335 437 1398 480 II.
1416 438 1514 489 478,
1549 437 1677 489 ,1111(13
1696 437 1919 480 hominum

397 521 538 562 genus
571 509 618 549 et
648 506 852 563 pecudes‘
885 521 982 550 cum
1014 520 1054 549 3.
1080 506 1159 548 VI.
1183 506 1268 549 728
1298 507 1566 562 congruunt.
1613 505 1754 559 Quem
1774 505 1919 549 locum

396 575 649 619 Macrobius
680 575 938 633 praeteriit.

511 646 555 693 ὃ)
578 645 709 688 Locis
728 659 837 703 quos
860 644 1004 688 adhuc
1021 643 1333 698 tractavimus,
1355 643 1585 701 Vergilius
1603 648 1681 688 aut
1699 642 1840 688 sciens
1862 642 1919 687 ad

398 715 585 758 Lucreti
606 729 785 758 carmen
815 715 1062 771 legentium
1084 714 1255 757 animus
1278 714 1423 757 vertit
1453 724 1533 756 aut
1554 714 1647 756 eius
1669 713 1919 757 elocutione

397 783 706 841 philosophica
728 799 834 827 usus
852 787 934 828 est.
967 783 1166 827 Restant
1182 783 1268 826 duo
1289 782 1389 837 loci,
1412 782 1469 826 ad
1489 799 1598 841 quos
1619 782 1703 826 hae
1719 783 1918 826 rationes

394 869 484 896 non
514 854 757 910 pertinent.
810 854 975 896 Altera
1006 853 1122 896 enim
1154 858 1224 896 est
1245 852 1490 910 descriptio
1521 853 1602 895 illa
1632 852 1918 909 pestilentiae

396 922 590 966 Noricae
632 923 706 979 (V.
738 938 781 979 g.
822 923 909 965 III.
950 921 1222 977 478—566),
1269 922 1323 966 de
1366 936 1454 979 qua
1492 913 1754 966 Macrobius>
1785 922 1917 966 dicit:

397 992 549 1048 ,ipsius
582 992 892 1048 pestilentiae,
927 1005 1040 1048 quae
1071 994 1143 1034 est
1172 991 1218 1033 in
1247 991 1389 1034 tertio
1421 990 1764 1047 Georgicorum,
1797 990 1919 1034 color

395 1063 520 1103 totus
553 1063 601 1104 et
630 1061 895 1104 liniamenta
915 1075 1055 1117 paene
1089 1060 1235 1103 omnia
1256 1063 1363 1103 sunt
1383 1060 1438 1103 (13
1459 1060 1761 1117 descriptione
1780 1059 1920 1117 pesti-

400 1129 581 1184 lentiae,
613 1144 725 1186 quae
758 1132 830 1173 est
859 1130 905 1172 in
927 1132 1055 1173 sexto
1087 1129 1316 1174 Lucretii‘.
1370 1128 1657 1174 Concedimus
1679 1144 1733 1175 ex
1754 1131 1920 1172 natura

396 1199 463 1241 rei
493 1199 654 1250 fuisse,
689 1201 739 1241 ut
771 1199 1004 1255 Vergilius
1036 1214 1133 1241 cum
1164 1199 1383 1242 scriberet
1413 1199 1468 1242 de
1497 1199 1760 1256 pestilentia
1790 1212 1918 1254 pecu-

401 1267 517 1321 dum,
551 1267 637 1311 sibi
666 1270 940 1325 proponeret
964 1268 1192 1325 exemplar
1223 1282 1402 1320 carmen
1422 1267 1618 1322 Lucreti,
1651 1283 1735 1326 quo
1757 1266 1919 1311 descri-

399 1337 523 1380 bitur
563 1338 705 1393 pestis
738 1338 919 1392 Attica;
967 1341 1244 1395 quantopere
1286 1338 1402 1380 enim
1440 1338 1488 1380 in
1516 1337 1601 1380 tali
1641 1336 1834 1381 materia
1874 1335 1920 1378 id

396 1406 547 1449 facere
578 1406 706 1449 soliti
737 1406 830 1449 sint
860 1409 1024 1463 poetae
1055 1406 1200 1460 latini,
1233 1406 1336 1449 inde
1365 1405 1662 1463 intellegitur,
1694 1405 1813 1463 quod
1833 1405 1918 1449 Lu-

394 1474 564 1518 cretius
606 1475 872 1519 liniamenta
918 1490 1085 1519 revera
1127 1492 1149 1519 e
1193 1476 1471 1532 Thucydidis
1514 1475 1840 1533 descriptione,
1895 1490 1919 1518 e

394 1544 610 1588 Lucretio
666 1549 713 1588 et
756 1544 954 1601 Virgilio
1003 1545 1190 1589 Ovidius
1241 1545 1366 1601 (Met.
1416 1545 1508 1588 VH
1553 1544 1637 1589 523
1661 1543 1774 1602 sqq.)
1820 1558 1918 1601 per-

395 1613 542 1656 multa
571 1614 826 1657 transtulit.

509 1682 579 1725 De
591 1682 799 1739 Vergilio
830 1683 985 1727 licebit
1015 1683 1215 1727 iudicare
1236 1683 1453 1727 similibus
1485 1683 1635 1727 verbis
1660 1682 1916 1727 sententiis-

394 1766 480 1807 que
497 1752 782 1808 comparatis.
816 1752 912 1794 Iam
928 1752 1086 1809 primis
1104 1753 1307 1796 versibus
1330 1752 1497 1795 auditis
1515 1753 1561 1795 in
1580 1754 1774 1795 mentem
1789 1751 1916 1794 nobis

395 1819 523 1863 venit
561 1821 770 1864 carminis
811 1821 1094 1875 Lucretiani,
1138 1821 1255 1879 quod
1295 1821 1536 1865 Lucretius
1567 1821 1749 1878 incipit:
1794 1820 1916 1875 ,haec

395 1923 433 1931 ..
468 1890 715 1946 quondam‘‚
749 1891 1005 1947 Vergilius:
1041 1891 1125 1944 ,hic
1147 1925 1155 1934 .
1176 1925 1185 1934 .
1208 1892 1455 1949 quondam‘.
1502 1891 1570 1934 Cf.
1602 1891 1798 1936 Macrob.
1832 1890 1912 1934 VI.

395 1959 436 2001 2.
470 1960 510 2001 7.
543 1959 618 2012 (V.
638 1975 681 2016 g.
704 1960 791 2003 111.
822 1960 1012 2017 478sqq.
1046 1978 1099 1999 ω
1131 1960 1180 2003 L.
1204 1961 1284 2004 VI.
1320 1961 1431 2003 1138
1446 1960 1571 2017 sqq.).
1621 1960 1773 2005 Etiam
1801 1959 1916 2002 illud

396 2031 568 2081 ,coorta
601 2032 685 2073 est‘
718 2043 851 2087 saepe
882 2044 1062 2073 versum
1092 2030 1194 2073 finit
1224 2030 1343 2087 apud
1373 2029 1648 2085 Lucretium;
1682 2028 1910 2073 similiter:

390 2097 444 2140 L.
475 2097 559 2141 VI.
591 2098 678 2141 458
711 2114 862 2156 ,usque
894 2099 1004 2142 adeo
1037 2102 1281 2157 tempestas
1315 2113 1451 2143 saeva
1480 2102 1636 2143 coorta
1667 2102 1765 2142 est‘.
1825 2098 1913 2141 De-

387 2166 515 2210 inde:
560 2167 671 2220 ,neci
703 2168 841 2212 dedit⁴
876 2188 928 2207 m
964 2169 1076 2212 1144
1116 2171 1282 2221 ,morbo
1325 2168 1550 2225 mortique
1580 2168 1818 2213 dabantur‘
1866 2170 1931 2211 et⁴

390 2236 505 2279 1255
550 2236 721 2290 ,dedita
751 2238 915 2281 morti‘.
977 2238 1132 2281 Etiam
1178 2241 1333 2291 ,aestu‘
1377 2238 1424 2280 in
1453 2238 1540 2281 fine
1584 2252 1742 2282 versus
1774 2258 1827 2275 =
1860 2237 1909 2280 L.

387 2305 501 2348 1138
531 2308 579 2348 et
610 2320 761 2362 ,genus
796 2339 837 2349 ..
869 2306 1096 2360 ferarum‘,
1128 2310 1182 2351 ut
1211 2308 1261 2350 L.
1299 2307 1423 2350 1216.
1482 2305 1732 2353 Praeterea
1761 2308 1911 2351 autem

385 2374 457 2418 hic
499 2374 615 2417 nihil
644 2376 909 2430 invenimus,
955 2377 1073 2434 quod
1104 2377 1404 2421 Lucretianae
1445 2376 1617 2421 formae
1649 2376 1791 2420 simile
1835 2376 1908 2420 sit.

390 2459 461 2487 vv.
493 2444 724 2488 482-495
768 2461 882 2489 novo
926 2446 1056 2490 modo
1103 2447 1310 2499 reddunt,
1356 2445 1473 2504 quod
1515 2446 1751 2491 Lucretius
1794 2445 1911 2490 dixit

388 2513 672 2566 1168‚1204-.
744 2532 762 2546 ·

501 2597 573 2625 vv.
606 2583 837 2627 486—496
868 2583 1005 2628 alieni
1038 2587 1144 2631 sunt
1174 2599 1200 2628 a
1231 2584 1417 2628 Lucreti
1447 2584 1653 2629 carmine.

497 2652 596 2694 497.
629 2653 685 2695 de
716 2654 834 2696 tussi
873 2653 1010 2697 aliter
1038 2654 1301 2698 Lucretius:
1348 2668 1441 2711 ,per
1471 2654 1621 2700 fauces
1665 2668 1801 2699 rauca
1832 2653 1908 2698 vix

387 2719 512 2781 edita
542 2722 696 2776 tussi‘;
731 2722 847 2779 quod
878 2723 932 2766 de
964 2724 1128 2767 crassis
1161 2723 1313 2767 suibus
1346 2723 1578 2781 Vergilius
1610 2724 1733 2769 dicit.

382 2859 409 2902 2
459 2806 570 2903 lgv.
603 2792 690 2904 {300
707 2807 800 2849 sqq.
836 2809 889 2831 m
921 2793 970 2835 L.
1004 2793 1084 2837 VI.
1120 2793 1230 2836 1182
1247 2808 1343 2850 sqq.
1388 2794 1613 2852 componit
1656 2794 1790 2841 Maor.
1825 2793 1906 2838 VI.

413 2893 423 2903 .
516 2861 598 2904 -1
633 2895 641 2904 .
