2088 3268
892 214 947 255 67

154 326 217 369 dii
262 325 432 369 habere
479 327 708 371 concilium
756 330 803 370 et
848 341 1002 383 agere¹
1027 327 1168 383 primo
1224 326 1278 368 de
1323 326 1512 368 interitu
1556 326 1671 381 Lupi

154 395 382 438 cuiusdam
413 395 535 439 ducis
567 396 612 438 in
643 396 891 454 republica,
933 397 1089 452 postea
1123 394 1371 438 sententias
1400 394 1560 437 dicere.
1592 394 1669 437 sed

154 463 238 506 hoc
269 464 373 521 quia
403 465 631 522 indignum
663 468 764 509 erat
793 465 931 509 heroo
953 465 1158 512 carmine.
1189 464 1384 508 mutavit
1417 466 1463 507 et
1492 463 1671 506 induxit

157 533 296 590 primo
339 534 593 592 loquentem
634 534 785 579 Iovem
829 535 883 578 de
918 534 1187 592 interruptis
1221 533 1502 586 foederibus,
1547 533 1669 576 cuius

158 603 407 647 orationem
447 604 693 662 interrupit
734 604 911 658 Venus,
957 606 1063 661 post
1108 605 1262 647 secuta
1308 603 1491 646 Iunonis
1532 603 1669 646 verba

156 675 273 724 sunt,
306 674 464 728 quibus
497 674 735 729 redarguit
747 673 993 716 Venerem:
1027 673 1141 715 unde
1171 688 1287 715 nunc
1318 672 1525 729 Iuppiter
1556 672 1669 713 illud

155 741 272 799 quod
305 742 536 795 omiserat,
581 742 732 786 reddit
772 742 941 786 dicens:
989 757 1098 798 ergo
1139 741 1344 799 quoniam
1388 756 1540 799 pacem
1572 757 1667 785 esse

152 826 240 853 non
279 812 450 865 sinitis,
496 826 548 854 ea
587 826 699 868 quae
741 827 835 855 sum
867 812 1069 855 dicturus
1101 812 1303 868 accipite.
1368 811 1462 853 DS:
1511 814 1557 854 et
1586 811 1669 854 hoc

155 881 410 937 significant
441 897 597 925 versus
628 882 704 938 qui
737 883 1094 938 subsequuntur‘.

270 950 526 1003 Quaeritur,
559 965 668 1006 quos
699 965 856 992 versus
889 951 1213 1007 complectatur
1244 951 1384 1003 ,totus
1415 950 1486 992 hic
1516 949 1665 992 locus‘.

153 1019 282 1062 Marx
306 1020 383 1071 (Π,
406 1035 448 1076 p.
475 1020 517 1074 3)
540 1019 738 1065 scholion
758 1020 988 1077 pertinere
1009 1022 1159 1062 censet
1189 1019 1246 1063 ad
1267 1022 1415 1063 totum
1436 1019 1666 1063 exordium

156 1089 261 1131 libri
291 1089 516 1131 Aeneidos
547 1089 603 1131 X.
665 1088 753 1131 Sed
792 1103 815 1131 e
846 1088 973 1131 Servi
1006 1088 1154 1132 verbis
1195 1088 1276 1131 hoc
1314 1103 1401 1132 non
1442 1088 1668 1147 sequitur;

155 1160 230 1216 qui
260 1160 406 1217 prima
436 1159 662 1203 sententia
694 1160 805 1202 nihil
836 1159 944 1202 dicit
974 1159 1062 1203 nisi
1090 1159 1234 1202 locum
1267 1159 1457 1216 aliquem
1488 1160 1669 1215 Vergili

153 1231 298 1272 totum
339 1228 613 1271 translatum
660 1242 755 1271 esse
800 1228 853 1271 de
896 1227 1116 1271 Luciliani
1160 1228 1265 1270 libri
1307 1228 1439 1284 primi
1484 1229 1666 1271 consilio

153 1297 357 1352 deorum3
389 1312 478 1341 non
508 1296 618 1341 dicit
650 1298 797 1341 totum
812 1296 993 1353 Vergili
1026 1296 1269 1349 ‚consilium
1297 1297 1541 1341 formatum
1572 1314 1666 1341 esse

154 1366 210 1409 ad
241 1366 470 1422 exemplar
491 1366 734 1408 Luciliani:
767 1371 924 1408 contra
946 1365 1090 1407 Lucili
1121 1366 1363 1418 consilium,
1397 1380 1666 1424 quocumque

153 1436 280 1478 modo
304 1440 451 1478 actum
474 1438 555 1487 est,
587 1436 696 1477 adeo
720 1436 828 1477 dicit
847 1436 987 1477 fuisse
1009 1436 1238 1491 indignum
1261 1437 1455 1478 carmine
1478 1437 1666 1487 heroico,

151 1506 205 1547 ut
225 1503 455 1559 Vergilius
488 1505 631 1546 totum
664 1503 923 1546 mutaverit.
981 1503 1104 1559 Ergo
1136 1518 1231 1547 cum
1263 1504 1360 1547 fieri
1390 1519 1478 1547 non
1508 1505 1666 1562 possit,

151 1577 204 1617 ut
247 1574 303 1617 ad
349 1575 496 1617 totum
539 1573 770 1617 exordium
810 1573 917 1616 libri
948 1574 1003 1616 X.
1038 1573 1169 1617 Servi
1214 1576 1353 1617 verba
1394 1575 1665 1631 pertineant⁷

154 1644 371 1700 sequitur,
403 1649 455 1685 ut
487 1643 543 1685 ad
573 1643 717 1700 ipsum
749 1644 891 1686 locum
921 1644 1199 1701 pertineant,
1233 1644 1303 1686 cui
1332 1645 1667 1688 annotationem

154 1713 338 1756 ascribit
370 1713 552 1756 Servius
594 1716 640 1756 et
682 1714 737 1756 ad
778 1729 906 1769 quem
943 1714 1078 1770 longa
1118 1714 1199 1755 illa
1229 1715 1404 1756 notatio
1437 1715 1564 1770 quasi
1594 1730 1666 1757 ex-

152 1798 285 1826 cursu
314 1783 435 1826 facto
467 1783 587 1825 redit
618 1783 789 1825 verbis:
836 1782 963 1835 ,unde
1003 1798 1119 1826 nunc
1157 1783 1367 1841 Iuppiter
1407 1783 1519 1827 illud
1549 1785 1664 1841 quod

153 1853 389 1903 omiserat,
436 1853 585 1894 reddit
624 1853 792 1894 dicens:
840 1867 947 1907 ergo
990 1853 1196 1908 quoniam
1240 1867 1393 1908 pacem
1439 1868 1535 1895 esse
1577 1870 1665 1897 non

152 1922 313 1972 sinitis,
346 1936 398 1964 ea
429 1935 541 1978 quae
573 1936 668 1963 sum
698 1920 913 1973 dicturus,
945 1921 1162 1978 accipite‘.
1493 1973 1495 1975 V

268 1990 515 2043 Quaeritur
556 1990 736 2042 deinde,
780 1993 931 2032 utrum
972 1990 1154 2033 Servius
1199 1991 1320 2033 dicat
1364 1992 1418 2034 de
1459 1993 1665 2035 versibus

151 2075 331 2105 versum
369 2060 452 2102 104
481 2059 847 2103 antecedentibus
878 2073 936 2103 an
965 2059 1300 2117 insequentibus
1341 2075 1398 2104 an
1438 2061 1573 2113 etiam
1613 2062 1667 2106 de

150 2130 371 2185 utrisque.
424 2129 601 2172 Scholia
622 2129 738 2171 enim
758 2129 885 2172 modo
912 2129 970 2171 ad
990 2130 1180 2180 initium,
1213 2131 1342 2173 modo
1375 2131 1429 2172 ad
1460 2132 1664 2185 medium,

149 2199 277 2242 modo
326 2198 384 2242 ad
425 2198 557 2241 finem
597 2198 794 2242 locorum
836 2198 1173 2242 annotationem
1215 2199 1438 2243 exhibent.
1510 2202 1664 2258 Atque

150 2269 459 2324 insequentem
503 2268 624 2309 Iovis
673 2267 920 2309 orationem
950 2267 1026 2310 vix
1068 2268 1252 2310 similem
1298 2269 1469 2325 fingere
1514 2272 1666 2327 potuit

149 2337 371 2391 Lucssius3
414 2336 491 2380 sed
534 2337 608 2393 qui
638 2336 909 2380 antecedunt
940 2352 1097 2380 versus
1142 2353 1248 2381 sane
1290 2339 1408 2394 apud
1446 2340 1663 2383 Lucilium

150 2406 355 2454 similiter
389 2406 531 2449 locum
563 2400 769 2449 habuisse
801 2406 896 2448 veri
928 2406 1069 2449 simile
1104 2411 1197 2450 est:

265 2493 303 2518 v.
326 2477 408 2519 100
429 2479 523 2519 tum
546 2476 686 2519 Pater
709 2477 997 2532 omnipotens,
1020 2491 1170 2519 rerum
1190 2478 1259 2520 cui
1280 2478 1424 2535 prima
1445 2482 1662 2534 potestaS,

263 2546 388 2599 infit;
421 2560 471 2587 eo
504 2545 679 2588 dicente
709 2546 838 2588 deum
868 2545 1019 2589 domus
1054 2546 1150 2589 alta
1181 2546 1365 2600 silescit,

264 2617 312 2657 et
341 2615 609 2657 tremefacta
641 2614 735 2657 solo
767 2614 926 2667 tellus;
960 2614 1065 2657 silet
1097 2615 1263 2658 arduus
1297 2616 1473 2669 aether3

263 2686 358 2727 tum
391 2683 591 2740 Zephyri
620 2697 830 2741 posuere3
863 2684 1027 2741 premit
1048 2683 1225 2741 placida
1255 2699 1453 2741 aequora
1482 2688 1661 2743 pontus.

265 2753 466 2810 ‚accipite
497 2768 605 2810 ergo
637 2753 793 2797 animis
825 2756 959 2810 atque
990 2753 1099 2797 haec
1130 2769 1227 2797 mea
1257 2754 1384 2811 figite
1415 2756 1561 2798 dicta‘.

150 2824 273 2877 Quae
303 2825 403 2865 tota
427 2822 669 2880 descriptio
691 2823 822 2880 plane
843 2822 987 2866 aliena
1010 2825 1080 2866 est
1111 2824 1165 2867 ab
1187 2823 1375 2867 Homeri
1398 2829 1450 2867 A.
1466 2825 1550 2867 528
1568 2840 1661 2882 sqq.

147 2893 301 2943 (Macr.
334 2892 390 2935 V.
424 2892 490 2935 13.
523 2892 595 2947 37)
627 2898 672 2935 et
703 2894 757 2935 ab
789 2892 905 2935 Enni
934 2891 1142 2950 Scipione
1173 2892 1230 2948 (v.
1265 2894 1367 2950 9sq.
1399 2909 1441 2951 p.
1472 2895 1558 2936 214
1573 2895 1661 2951 V.).

1296 2964 1353 3004 5ss
