2088 3268
850 156 906 197 47

242 282 314 309 vv.
346 267 431 310 514
446 281 537 325 sqq.
571 268 823 325 comparari
853 272 1041 326 possunt
1071 285 1165 313 oum
1195 271 1325 315 Lucr.
1356 271 1384 315 1.
1417 271 1467 314 Π
1496 271 1641 315 initio.

241 336 340 379 523.
385 337 573 390 ‚interea
602 336 799 381 dulces
842 338 1038 394 pendent
1066 340 1230 383 circum
1271 341 1471 384 oscula
1500 340 1640 384 nati‘

128 406 318 462 perbene
350 406 590 463 opponitur
610 406 794 450 Lucreti
822 407 1032 452 tristibus
1063 409 1268 453 versibus
1299 410 1386 453 ΠΙ.
1419 410 1506 453 894
1521 424 1640 467 sqq.:

128 488 221 529 ‚nec
262 474 412 519 dulces
455 478 691 519 occurrent
732 476 882 520 oscula
924 478 1021 521 nati
1059 479 1366 537 praeripere‘.>
1409 478 1497 523 Sed
1526 478 1643 522 Ver-

126 543 263 600 gilius
293 559 445 588 vocem
474 545 627 588 reddit
657 548 756 589 arte
787 560 1096 603 compressam.

242 614 452 671 Apparet
480 613 623 671 igitur
653 629 765 672 quae
795 617 934 659 verba
954 616 1225 661 Lucretiana
1254 617 1511 662 adhibuerit
1529 617 1644 661 Ver-

128 682 264 740 gilius
295 683 488 739 undique
519 697 542 726 e
564 684 749 727 Lucreti
779 685 973 727 carmine
1002 700 1090 728 non
1121 701 1176 729 ex
1205 701 1291 729 uno
1323 686 1420 729 loco
1442 688 1646 729 attracta

129 767 245 807 esse,
295 751 417 796 levia
458 755 637 796 tantum
678 754 905 797 translata
947 769 1045 798 esse
1086 758 1132 798 et
1174 770 1227 800 ea
1269 757 1415 800 omnia
1456 757 1644 799 mutata.

129 821 259 876 Quod
288 835 378 865 non
409 822 520 866 satis
550 825 704 880 potest
733 822 949 881 intellegi,
982 823 1020 866 si
1050 823 1298 882 singulares
1331 824 1418 868 loci
1447 823 1648 868 Macrobi

129 891 258 936 modo
288 891 479 949 dispersi
508 897 643 950 atque
674 908 698 937 e
728 908 895 937 conexu
925 892 1137 951 dirempti
1165 894 1435 938 afferuntur.

246 961 289 1018 3)
330 961 483 1005 Genus
514 963 731 1018 poematis
774 961 1067 1020 philosophici
1100 963 1163 1006 sic
1194 966 1296 1007 erat
1328 963 1648 1007 Lucretianum

129 1034 184 1075 ut
213 1032 384 1090 epicum
415 1031 662 1075 Ennianum
701 1033 774 1076 vel
805 1033 990 1077 Graecis
1022 1033 1324 1088 Homericum;
1371 1048 1457 1090 quo
1489 1034 1554 1087 fit,
1596 1036 1648 1076 ut

133 1101 360 1159 Vergilius
393 1117 489 1145 cum
519 1102 619 1147 aliis
659 1102 805 1159 poetis
834 1102 1011 1146 Latinis
1042 1102 1088 1145 in
1128 1101 1400 1159 explicandis
1432 1102 1647 1146 doctrinis

130 1171 447 1229 philosophicis
490 1186 662 1228 semper
704 1173 918 1228 sequatur
964 1170 1256 1221 elocutionem
1285 1171 1484 1213 Lucreti.
1551 1171 1651 1213 Huc

131 1240 343 1298 pertinet,
376 1240 493 1298 quod
514 1240 647 1285 Macr.
680 1241 761 1284 VI.
793 1241 832 1284 1.
863 1242 920 1283 45
951 1239 1128 1297 Vergili
1158 1255 1195 1283 a.
1219 1239 1301 1284 VI.
1323 1240 1408 1282 724
1440 1255 1647 1297 ‚campos-

133 1324 218 1368 que
257 1310 494 1367 liquentes‘
535 1312 767 1366 comparat
807 1323 905 1352 cum
933 1310 986 1352 L.
1019 1309 1100 1352 VI.
1131 1310 1215 1351 405
1260 1322 1536 1366 ,camposque
1572 1323 1648 1352 na-

131 1381 322 1434 tantes‘;
370 1393 471 1422 nam
511 1381 659 1422 totum
700 1378 829 1421 illum
866 1378 1012 1421 locum
1031 1378 1290 1428 secundum
1330 1378 1649 1422 Lucretianam

134 1448 428 1492 elocutionem
456 1448 609 1491 fictum
640 1462 735 1491 esse
764 1447 850 1491 tibi
878 1447 1148 1505 persuadeas
1180 1447 1283 1490 volo
1308 1447 1512 1504 inspecta
1532 1447 1649 1491 Nor-

133 1518 237 1561 deni
265 1517 526 1574 (Comment.
557 1516 614 1560 ad
643 1517 757 1560 Aen.
794 1517 869 1559 VI.
902 1532 944 1574 p.
970 1516 1055 1559 302
1073 1516 1155 1573 sq.)
1185 1516 1460 1560 collectione.
1522 1517 1649 1560 Simi-

130 1587 239 1631 liter
268 1602 342 1630 res
375 1601 422 1630 se
450 1586 608 1630 habet:

246 1656 292 1712 4)
332 1672 366 1699 e.
399 1655 482 1699 VI.
514 1657 565 1698 31
585 1670 680 1713 sqq.
713 1672 765 1693 ev
797 1655 847 1697 L.
879 1654 934 1698 V.
966 1654 1052 1698 432
1070 1669 1191 1711 sqq.‚
1238 1669 1348 1711 quos
1387 1654 1507 1698 locos
1538 1669 1650 1698 oom-

132 1729 268 1784 parat
297 1726 548 1770 Macrobius
579 1725 659 1768 VI.
697 1725 736 1767 2.
768 1725 952 1767 22—24.
1013 1724 1100 1768 Sed
1145 1724 1282 1767 etiam
1311 1724 1383 1767 hic
1415 1725 1647 1782 Vergilius

133 1794 311 1838 minime
340 1794 455 1837 hunc
487 1809 622 1836 unum
651 1793 837 1837 Lucreti
875 1793 1021 1835 locum
1062 1792 1233 1836 imitari
1273 1793 1430 1836 voluit.
1492 1793 1651 1837 Potius

135 1877 190 1906 ex
217 1862 287 1906 his
317 1862 531 1920 intellege
562 1862 754 1906 colorem
785 1862 958 1905 omnino
989 1861 1331 1905 Lucretianum:

250 1948 292 1976 v.
324 1933 392 1976 31.
447 1947 654 1988 magnum
684 1946 765 1989 per
792 1931 924 1974 inane
957 1950 1010 1967 =
1042 1930 1094 1973 L.
1126 1930 1161 1973 I.
1196 1931 1320 1973 1018.

251 2019 292 2047 v.
324 2004 393 2046 32.
443 2002 498 2046 cf.
531 2002 580 2045 L.
610 2002 647 2044 I.
680 2002 777 2045 715.
829 2015 882 2044 ex
912 2001 1006 2057 igni
1047 2002 1175 2044 terra
1205 2002 1344 2057 atque
1374 2001 1522 2044 anima
1550 2015 1652 2057 pro-

136 2087 334 2118 crescere
365 2074 413 2116 et
441 2072 583 2115 imbri.

251 2161 294 2189 v.
326 2146 396 2188 33.
441 2144 602 2202 liquidi
629 2143 746 2199 ignis
779 2162 832 2178 =
863 2142 914 2185 L.
947 2141 1030 2185 VI.
1062 2142 1159 2185 205.
1210 2141 1371 2198 liquidi
1409 2141 1533 2185 color
1576 2156 1654 2184 au—

138 2229 242 2259 reus
272 2215 404 2271 ignis.
428 2239 480 2244 —
502 2219 554 2256 ut
582 2212 652 2255 his
683 2211 864 2255 exordia
892 2210 1045 2268 primis
1078 2210 1223 2253 omnia
1244 2228 1297 2249 m
1320 2210 1369 2252 L.
1401 2210 1438 2252 I.
1472 2211 1524 2252 61
1558 2225 1653 2253 cor-

137 2299 252 2343 pora
270 2284 425 2341 prima,
457 2282 576 2340 quod
598 2297 652 2326 ex
672 2280 763 2325 illis
785 2282 890 2324 sunt
912 2279 1057 2323 omnia
1077 2279 1245 2335 primis.
1269 2304 1325 2310 —-
1349 2279 1654 2332 ,concreverit‘

141 2354 315 2413 saepius
346 2352 465 2412 apud
495 2351 766 2396 Lucretium.

253 2440 296 2467 v.
328 2423 396 2466 35.
447 2422 612 2466 durare
645 2454 654 2465 .
678 2454 687 2463 .
720 2423 768 2464 et
797 2418 1049 2462 discludere
1079 2450 1088 2460 .
1114 2451 1122 2459 .
1155 2418 1353 2475 coeperit
1394 2420 1440 2460 et
1482 2432 1656 2460 sumere

141 2493 196 2538 cf.
226 2493 279 2537 L.
310 2492 366 2537 V.
398 2492 496 2538 437.
548 2491 768 2549 diffugere
810 2488 914 2532 inde
956 2501 1141 2545 coepere
1180 2501 1402 2545 paresque
1440 2486 1570 2544 iungi
1609 2489 1657 2530 et

141 2562 405 2606 discludere.

258 2631 500 2676 Praeterea
521 2628 753 2686 Vergilius
783 2626 864 2671 illa
884 2626 1030 2670 forma
1060 2624 1247 2683 quadam
1269 2625 1513 2669 artificiose
1543 2639 1655 2668 com-

141 2701 298 2759 plexus
319 2706 403 2754 est,
425 2714 539 2757 quae
555 2697 769 2755 Apolloni
788 2695 939 2740 Rhodi
958 2695 1211 2738 narrationi
1233 2695 1363 2751 (Arg.
1383 2695 1419 2737 I.
1440 2694 1527 2736 496
1543 2694 1657 2751 sqq.)

140 2785 230 2817 non
257 2768 486 2815 dissimilis
521 2770 606 2813 est.

255 2839 340 2883 His
387 2838 497 2882 locis
544 2835 860 2894 philosophicis
910 2836 1094 2891 praeter
1137 2833 1286 2886 illum,
1339 2847 1469 2890 quem
1521 2846 1659 2890 supra
