2088 3268
1149 166 1204 209 14

413 282 691 340 comparatio
730 282 805 325 fit:
849 295 960 338 quae
1002 283 1158 338 partes
1200 283 1307 324 sunt
1337 279 1470 324 Servi
1510 279 1644 331 ‚locus
1686 282 1734 324 et
1763 293 1939 337 compa-

413 352 561 395 ratio‘.
631 351 729 394 Hoc
768 352 894 394 recte
936 350 1222 394 observatum
1252 352 1324 394 est
1363 349 1436 406 (cf.
1468 349 1663 393 Macrob.
1694 348 1751 393 V.
1783 349 1850 393 10.
1885 349 1941 392 12

413 423 461 466 et
492 421 561 464 13.
592 421 671 473 35,
715 419 792 463 ubi
831 424 1147 476 comparantur
1192 434 1289 463 cum
1327 419 1478 476 priore
1507 419 1662 474 parte:
1709 421 1759 460 E.
1790 419 1819 458 4
1862 417 1937 470 (cf.

414 493 467 534 Σ.
498 489 597 532 214.
629 487 719 544 al),
752 502 848 531 cum
880 487 1053 532 altera:
1085 490 1135 530 X.
1160 487 1362 544 25—32).
1417 485 1505 531 Sed
1527 488 1579 530 ut
1599 500 1723 531 arma
1743 486 1941 531 nitentia

413 558 646 616 Vergilius
668 572 746 602 suo
767 557 897 601 modo
919 556 1134 601 describit
1150 557 1217 601 ita
1238 558 1293 600 ad
1312 556 1696 613 comparationem
1709 555 1940 599 liberrime

413 628 639 673 redditam
672 629 895 681 ,cometas‘
928 625 1078 670 adicit.
1130 625 1252 671 Satis
1273 629 1483 671 accurate
1513 625 1637 669 illam
1669 625 1940 669 sententiam

413 697 640 756 exprimit,
672 711 787 754 quae
818 697 908 740 toti
934 696 1260 753 comparationi
1280 702 1516 754 poetarum
1535 695 1731 753 gratiam
1748 694 1940 752 *peperit

413 768 485 824 (cf.
518 766 670 825 Apoll.
703 766 790 810 Rh.
822 765 938 823 Arg.
971 765 1056 809 111.
1088 766 1212 822 955),
1244 766 1363 824 quod
1394 766 1529 810 stella
1560 765 1759 824 quamvis
1790 765 1941 809 luceat

412 841 564 882 tamen
602 837 802 881 timenda
842 836 904 879 sit
949 860 1000 867 ——
1046 835 1090 877 id
1122 835 1241 893 quod
1280 850 1362 893 per
1393 835 1770 894 comparationem
1802 833 1939 878 etiam

390 955 393 958 ,
412 907 468 951 de
485 906 598 950 viris
627 908 789 964 poetae
810 905 960 949 dicere
982 905 1214 949 volebant:
1249 905 1339 958 ,ille
1360 905 1480 949 sitim
1501 905 1766 960 morbosque
1785 903 1938 946 ferens

413 976 683 1019 mortalibus
725 975 875 1031 aegris
914 974 1131 1017 nascitur‘
1164 991 1217 1011 m
1258 975 1313 1016 X.
1347 974 1401 1016 31
1432 976 1509 1016 καί
1535 989 1580 1016 τε
1612 970 1737 1028 φέρει
1767 972 1937 1015 πολλὸν

415 1047 609 1099 πυρετὸν
640 1046 826 1088 δειλοῖσι
857 1046 1070 1098 βροτοῖσι,
1101 1058 1231 1100 quem
1261 1043 1406 1086 locum
1428 1043 1655 1098 interpres
1683 1041 1937 1097 neglexisse

412 1114 605 1156 videtur.

534 1182 579 1239 6)
609 1196 648 1225 a.
679 1181 788 1227 ΧΠ.
817 1182 874 1226 67
892 1197 985 1240 sqq.
1017 1181 1252 1239 (Laviniae
1281 1182 1407 1238 genis
1440 1181 1802 1225 erubescentibus
1824 1194 1936 1223 com-

412 1256 634 1310 parantur
665 1254 713 1295 et
743 1253 855 1295 ebur
885 1254 1012 1296 ostro
1043 1252 1236 1294 tinctum
1267 1257 1314 1294 et
1334 1251 1459 1295 liliae
1480 1265 1578 1295 cum
1598 1250 1714 1294 rosis
1736 1249 1932 1303 mixtae).

412 1321 457 1366 S.
489 1320 546 1365 ad
576 1320 777 1379 priorem
806 1323 1004 1378 partem:
1040 1320 1238 1374 ,Homeri
1266 1321 1561 1378 comparatio,
1593 1321 1710 1364 unde
1741 1323 1789 1363 et
1819 1320 1933 1363 »vio-

412 1391 602 1435 laverit«
633 1390 899 1434 transtulit:
931 1390 1009 1432 ille
1038 1391 1153 1433 enim
1183 1391 1251 1433 ait
1280 1393 1442 1446 fmivv‘·
1488 1390 1555 1433 Cf.
1578 1389 1715 1433 Macr.
1739 1390 1792 1434 V.
1817 1391 1884 1433 12.
1905 1392 1934 1431 4

414 1480 467 1497 =
499 1464 555 1503 A.
581 1460 677 1502 141.
712 1484 761 1491 —
793 1458 982 1503 Homeri
1002 1473 1181 1502 versum
1212 1460 1331 1514 (141)
1362 1474 1469 1503 sane
1499 1475 1639 1517 paene
1668 1461 1726 1505 ad
1751 1462 1935 1504 verbum

414 1529 615 1574 studiose
646 1528 791 1572 vertit
822 1528 1074 1585 Vergilius3
1108 1528 1186 1571 sed
1217 1529 1334 1585 quod
1363 1529 1418 1572 de
1442 1529 1644 1573 Menelao
1676 1531 1933 1587 sanguinem

412 1598 631 1642 fundente
650 1597 763 1641 dicit
781 1596 1015 1651 Homerus,
1036 1597 1263 1641 transfert
1282 1598 1339 1641 ad
1360 1598 1583 1654 virginem
1603 1601 1937 1643 erubescentem

414 1670 463 1710 et
501 1666 628 1723 quasi
672 1666 828 1710 florem
870 1666 1098 1723 decerpsit
1138 1666 1301 1723 longae
1345 1668 1705 1725 comparationis.
1785 1668 1938 1713 Etiam

413 1735 601 1779 Homeri
654 1735 844 1789 ‚femina‘
896 1735 1027 1791 (γυνὴ
1057 1769 1065 1777 .
1090 1769 1098 1777 .
1128 1739 1306 1791 Μῃονις
1354 1736 1403 1790 ἠὲ
1450 1738 1634 1792 Κάειρα)
1683 1738 1940 1794 praeterita

416 1804 566 1861 potius
597 1804 734 1847 'eburi
774 1806 822 1846 et
862 1805 989 1847 ostro
1030 1818 1212 1862 operam
1241 1804 1324 1848 dat
1353 1804 1656 1850 describendis
1694 1806 1871 1862 (Indum
1895 1840 1903 1848 .
1929 1840 1938 1849 .

413 1873 723 1929 sanguineum)
754 1876 802 1916 et
830 1887 949 1916 nova
974 1869 1308 1931 comparatione
1338 1874 1496 1918 addita
1516 1873 1755 1919 Homerica
1785 1875 1942 1919 studet

414 1956 645 2000 superare.

530 2012 575 2067 7)
602 2026 653 2054 a.
686 2012 781 2053 XII
813 2012 897 2054 206
929 2012 1012 2065 (Ut
1041 2011 1242 2056 Achilles
1273 2013 1505 2056 notissimo
1536 2013 1633 2056 loco
1665 2018 1717 2055 A.
1739 2013 1826 2055 234
1842 2027 1937 2072 sqq.

414 2080 478 2124 sic
529 2080 650 2138 apud
697 2080 949 2138 Vergilium
998 2081 1189 2127 Latinus
1240 2098 1320 2127 rex
1370 2083 1676 2126 iusiurandum
1726 2084 1806 2127 dat
1854 2098 1938 2141 per

413 2154 653 2208 sceptrum,
685 2152 803 2208 quod
832 2166 1072 2209 numquam
1103 2151 1249 2197 viride
1278 2153 1482 2197 futurum
1514 2153 1605 2210 sit).

529 2220 582 2265 S:
615 2221 811 2276 ,Homeri
828 2221 951 2265 locus
983 2223 1215 2266 verbum
1243 2224 1312 2266 ad
1343 2225 1603 2266 verbum‘.
1656 2224 1937 2268 Of.Mac1-0b.

417 2290 473 2333 V.
505 2291 545 2332 3.
582 2291 649 2332 13.
690 2291 810 2334 inter
850 2305 1009 2334 versus
1066 2291 1150 2345 ,ad
1179 2293 1411 2335 verbum
1442 2307 1618 2349 paene
1657 2292 1937 2337 translatos‘.

532 2384 583 2390 —
616 2358 822 2417 Singulis·
835 2360 1021 2405 Homeri
1052 2361 1298 2406 enuntiatis
1329 2363 1605 2420 respondent
1624 2365 1830 2407 accurate
1852 2362 1938 2405 sin-

414 2430 550 2487 gulae
571 2429 753 2487 Vergili
782 2431 1048 2475 sententiae.
1101 2431 1230 2485 Quod
1258 2432 1347 2475 iam
1377 2432 1583 2488 cognosci
1612 2434 1767 2489 potest
1790 2444 1814 2474 e
1835 2444 1938 2489 par-

418 2500 570 2545 ticulis
603 2514 717 2557 quae
749 2502 877 2544 sunt:

531 2572 581 2612 τὸ
606 2570 775 2612 ,οὔποτε
806 2569 975 2625 (φύσει)
1298 2574 1351 2613 ut
1379 2584 1617 2628 numquam
1647 2568 1841 2626 (fundet)

532 2638 684 2693 ἐπειδὴ
715 2645 864 2694 πρῶτα
896 2638 1135 2696 (λέλοιπεν)
1302 2655 1400 2684 cum
1431 2634 1568 2685 semel
1599 2639 1757 2695 (caret)

532 2715 618 2752 νῦν
648 2706 752 2751 αὖτε
784 2708 1033 2764 (φορέουσι)
1298 2723 1417 2753 nunc
1446 2705 1606 2766 (dedit)

467 2833 474 2835 -
533 2775 702 2821 Tamen
731 2775 966 2834 Vergilius
1007 2777 1086 2822 has
1126 2779 1376 2837 sententias
1414 2793 1533 2822 nova
1572 2780 1764 2823 materia
1809 2780 1938 2836 quasi

417 2847 638 2904 complere
685 2846 874 2889 studuit.
955 2846 1083 2899 Quod
1128 2847 1316 2892 maxime
1361 2850 1594 2893 assecutus
1640 2850 1711 2894 est
1754 2848 1940 2894 inducta
