2088 3268
882 165 938 208 45

153 281 251 324 sine
295 278 427 322 dubio
475 277 533 322 ad
575 278 761 321 Lucreti
809 278 1034 335 exemplar
1077 279 1323 336 composuit
1368 293 1510 335 neque
1572 277 1666 321 sine

153 364 288 393 causa
315 348 567 391 Macrobius
601 347 799 400 ‚eundem
826 347 1017 391 colorem
1048 362 1099 391 ac
1129 363 1267 405 paene
1295 348 1481 391 similem
1512 362 1666 390 sonum

154 418 388 475 utriusque
419 416 623 474 reperiri‘
656 416 778 460 dicit.
818 416 1035 461 Conferas
1065 417 1216 461 initia:
1248 418 1303 461 V.
1326 418 1423 460 458.
1457 416 1493 460 Ο
1524 417 1666 459 fortu-

152 489 284 531 natos
317 504 370 525 m
402 486 452 528 L.
487 487 541 527 14
574 501 611 538 ,o
643 486 827 529 miseras
859 486 1080 529 hominum
1110 489 1292 530 mentes‘
1324 485 1482 529 deinde
1523 488 1667 528 totam

156 556 483 600 sententiarum
512 554 885 609 coniunctionem

155 650 192 693 si
214 664 302 692 non
320 682 328 691 .
347 683 355 691 .
374 648 517 692 vomit
540 647 641 704 <per
660 647 769 691 duos
792 647 903 716 vv.>[
928 648 978 691 L.
1002 649 1038 692 si
1061 664 1149 692 non
1170 663 1308 692 aurea
1322 652 1427 692 sunt
1448 647 1558 704 <duo
1574 647 1664 702 vv.)

153 733 235 762 nec
264 718 440 761 inhiant
898 717 901 811 Ι
929 733 1008 761 nec
1038 719 1189 761 domus
1223 753 1230 760 .
1257 752 1265 760 .
1297 718 1472 760 renidet

154 802 295 844 neque
326 787 507 830 fucatur
898 814 901 866 ι
927 802 1005 830 nec
1036 789 1244 830 reboant:

153 871 235 900 nec
265 855 589 913 corrumpitur:

154 930 204 969 at
233 959 270 969 ..
299 940 387 968 non
417 926 579 968 absunt
898 883 901 980 ¹
929 939 1024 968 cum
1054 927 1203 968 tamen
1235 927 1393 968 curant

159 1030 311 1073 Etiam
340 1032 531 1086 uterque
561 1032 694 1085 poeta
725 1030 1033 1086 voluptatibus
1074 1030 1257 1072 urbanis
1289 1030 1474 1085 opponit
1504 1028 1669 1084 gaudia

156 1099 280 1142 vitae
311 1098 518 1142 rusticae.
581 1097 669 1141 Sed
699 1098 928 1154 Vergilius
961 1100 1008 1141 et
1037 1098 1143 1140 haec
1162 1098 1291 1141 novis
1323 1098 1473 1141 verbis
1507 1097 1669 1140 descri-

156 1169 263 1210 bere
310 1167 462 1209 studet
504 1167 719 1223 novisque
762 1166 983 1209 coloribus
1030 1169 1076 1209 et
1120 1166 1299 1209 illarum
1343 1167 1507 1209 afferre
1552 1180 1668 1208 nova

158 1236 368 1292 exempla.
430 1235 565 1293 Apud
594 1235 853 1279 Lucretium
896 1235 1020 1292 prior
1058 1250 1185 1292 pars,
1230 1235 1473 1293 descriptio
1515 1235 1668 1277 domus

156 1305 359 1362 copiosae
390 1309 437 1348 et
468 1307 674 1358 urbanae,
708 1305 825 1361 apud
845 1305 1092 1361 Vergilium
1123 1305 1271 1348 altera
1302 1320 1419 1361 pars,
1455 1319 1541 1361 qua
1572 1304 1669 1347 des-

157 1374 349 1417 cribitur
379 1377 572 1417 naturae
602 1374 869 1426 amoenitas,
912 1374 1180 1429 gravissima
1210 1376 1346 1431 atque
1377 1374 1565 1417 maxime
1596 1388 1669 1416 ex-

160 1445 323 1487 ornata
364 1446 446 1487 est.
509 1443 745 1486 Lucretius
788 1443 897 1486 duas
939 1443 1088 1500 pingit
1130 1443 1344 1500 imagines
1389 1446 1437 1487 et
1478 1444 1669 1487 alteram

156 1513 284 1570 ponit
324 1514 452 1557 iuxta
495 1512 687 1556 alteram
734 1512 1096 1569 comparandam;
1153 1513 1260 1556 item
1300 1513 1450 1570 pingit
1493 1513 1667 1570 quidem

157 1582 414 1638 Vergilius,
457 1583 535 1625 sed
577 1582 752 1638 singula
791 1583 988 1624 membra
1017 1582 1207 1625 alterius
1238 1582 1445 1638 imaginis
1478 1583 1666 1638 singulis

132 1652 361 1708 'partibus
391 1652 554 1709 prioris
587 1652 688 1694 vult
716 1651 1008 1707 respondere:
1041 1650 1282 1694 honoribus
1316 1651 1468 1705 otium,
1500 1652 1666 1708 magni·

155 1721 263 1764 ficae
294 1720 441 1763 domui
475 1723 524 1764 et
552 1720 763 1778 pretiosis
794 1720 995 1763 vestibus
1027 1734 1253 1763 amoenam
1291 1721 1411 1764 ruris
1443 1725 1666 1773 naturam,

156 1789 360 1833 delicatis
381 1790 601 1833 nobilibus
623 1790 803 1832 iuvenes
832 1789 1000 1832 laboris
1022 1789 1246 1845 patientes
1278 1793 1324 1833 et
1345 1790 1509 1833 vilibus
1532 1792 1665 1833 rebus

157 1862 404 1901 contentos.
465 1858 636 1901 Deinde
667 1871 930 1914 quamquam
960 1858 1283 1900 sententiarum
1314 1859 1666 1902 coniunctionem

155 1927 362 1971 imitatur
405 1927 659 1984 Vergilius,
715 1929 865 1970 tamen
917 1928 1064 1970 totum
1105 1927 1396 1972 artificiosius
1443 1929 1666 1972 construit

156 1996 302 2040 tribus
331 1997 568 2054 particulis
601 1998 706 2050 ‚nec‘
738 1995 1105 2052 respondentibus
1129 1997 1276 2040 tribus
1307 1998 1544 2054 particulis
1576 2001 1663 2052 ,ΒΑΕ

154 2065 389 2110 Postremo
411 2066 528 2125 quod
548 2066 784 2110 Lucretius
808 2065 936 2109 dicit:
971 2081 1072 2119 ‚non
1091 2066 1264 2124 magnis
1288 2067 1444 2124 opibus
1477 2067 1664 2111 iucunde

155 2150 346 2192 corpora
386 2139 556 2179 curant‘
589 2135 818 2191 Vergilius
863 2136 990 2191 quasi
1029 2137 1289 2192 impugnare
1320 2138 1523 2189 videtur,
1569 2153 1663 2180 cum

155 2203 276 2248 dicat
290 2205 432 2249 vitam
453 2206 668 2249 rusticam
689 2220 785 2249 esse
809 2204 1007 2257 ,divitem
1026 2220 1157 2262 opum
1178 2205 1435 2249 variarum‘.
1485 2206 1663 2261 Quanto

153 2273 225 2315 hic
254 2273 376 2317 locus
407 2278 533 2318 totus
564 2274 727 2331 gaudio
758 2274 963 2317 affecerit
994 2273 1173 2330 Vergili
1204 2274 1408 2329 animum,
1442 2276 1579 2319 etiam
1609 2291 1663 2319 ex

153 2356 206 2385 ea
248 2358 298 2386 re
337 2343 445 2387 licet
484 2343 763 2400 intellegere,
807 2342 922 2399 quod
961 2358 1096 2385 unum
1126 2358 1307 2387 versum
1346 2344 1663 2388 Lucretianum

153 2411 211 2467 (v.
244 2412 317 2468 30)
348 2412 615 2470 bipartitum
646 2412 834 2456 diversis
864 2411 972 2455 locis
1004 2412 1190 2455 carmini
1220 2428 1298 2456 suo
1331 2414 1548 2457 inseruit:

268 2507 303 2536 e.
337 2494 470 2538 VIII.
488 2494 543 2536 87
574 2495 816 2550 propter
848 2505 1025 2549 aquae
1054 2492 1237 2535 rivum
1258 2493 1394 2537 viridi
1413 2495 1663 2551 procumbit

150 2562 196 2605 in
226 2562 275 2605 ul
337 2597 345 2606 .

264 2578 439 2677 εἶᾶἶΤΙΙ.
475 2634 556 2676 108
588 2647 776 2690 corpora
818 2632 915 2675 sub
956 2632 1127 2674 ramis
1170 2632 1397 2689 deponunt
1428 2635 1658 2677 arboris

149 2701 238 2745 alt
287 2717 323 2746 e.

246 2716 359 2815 aNec
388 2774 543 2828 potest
573 2772 792 2823 dubitari,
809 2770 930 2827 'quin
959 2773 1114 2826 poeta,
1156 2786 1253 2813 cum
1283 2772 1452 2828 primus
1484 2787 1659 2815 carmen

152 2840 370 2886 scriberet
415 2841 470 2886 de
515 2840 815 2899 agricultura,
867 2839 985 2885 locos
1036 2842 1270 2898 poetarum
1312 2842 1531 2900 priorum,
1585 2842 1660 2887 biu
