2088 3268
1077 154 1135 198 34

349 265 473 308 urbis
505 260 770 324 ruinam‘ffl).
831 265 901 311 De
940 266 1011 312 his
1052 267 1163 313 solis
1200 267 1352 312 verbis
1393 266 1602 313 iudicium
1642 268 1771 314 nobis
1802 271 1874 314 est

350 333 616 379 faciendum.

465 403 537 448 De
568 404 791 449 Pisandro
821 411 959 464 poeta
987 408 1076 451 viri
1105 408 1228 452 docti
1257 408 1390 452 valde
1423 408 1716 452 dissentiunt:
1762 407 1872 452 duos

350 473 466 517 enim
487 474 690 519 novimus
708 474 962 531 Pisandros,
985 476 1178 521 alterum
1199 477 1502 522 Camirensem
1522 477 1617 521 sive
1636 477 1872 530 Rhodium,

350 543 427 600 qui
458 543 648 600 septimo
679 558 719 587 a.
753 544 856 588 Chr.
890 546 1067 590 saeculo
1110 546 1253 591 vitam
1292 546 1457 604 degens
1499 546 1694 590 carmine
1734 546 1872 604 epico,

351 612 423 656 cui
452 612 718 657 inscribitur
744 611 994 670 “Ηράκλεια,
1034 615 1227 672 gloriam
1268 616 1354 660 sibi
1383 615 1574 674 peperit.
1634 615 1772 659 Alter
1802 618 1876 659 est

348 681 653 726 larandensis
685 685 863 727 tantum
894 698 977 742 per
1007 684 1190 728 Suidam
1219 689 1366 740 notus,
1399 685 1476 743 qui
1507 686 1589 728 sub
1608 683 1874 728 Alexandro

351 751 517 796 Severo
559 753 744 810 scripsit
786 754 986 810 ἱστορίαν
1029 758 1235 809 ποικίλην
1278 755 1330 797 δι’
1366 755 1499 808 ἐπῶν,
1545 755 1601 810 ἢν
1640 754 1875 809 ἐπιγράφει

343 819 574 875 ‘Hammon'
615 826 877 878 Θεογαμιῶν
908 856 917 867 .
950 857 960 867 .
1002 823 1142 880 (Suid.
1182 824 1347 868 Bernh.
1392 824 1455 867 II.
1495 825 1535 866 2.
1577 839 1619 881 p.
1660 823 1774 878 255).
1819 848 1873 853 —

350 890 514 948 Itaque
534 891 699 948 Heyne
731 892 920 949 (excurs.
943 893 980 935 I.
1013 893 1070 936 ad
1086 894 1227 950 Verg.
1259 908 1297 937 a.
1321 894 1383 937 II.
1415 910 1458 952 p.
1479 894 1566 937 394
1579 897 1691 951 sqq.)
1723 895 1876 936 censet

351 960 626 1004 Macrobium
668 961 716 1005 in
757 977 912 1006 errore
954 963 1150 1017 versari,
1199 977 1297 1007 cum
1336 963 1446 1006 duos
1487 962 1730 1006 Pisandros
1774 976 1875 1005 con-

350 1029 545 1085 fuderit;
576 1032 713 1088 putat
734 1031 851 1074 enim
870 1031 1032 1088 legisse
1052 1031 1323 1075 Macrobium
1350 1031 1533 1088 (rectius
1554 1030 1755 1074 Macrobi
1774 1044 1876 1074 auc-

351 1099 513 1153 torem)
543 1098 753 1142 Pisandri
784 1100 966 1144 minoris
997 1100 1276 1144 eversionem
1307 1100 1491 1154 Troiae,
1536 1114 1648 1157 quae
1687 1099 1875 1143 maxime

350 1167 408 1210 ad
437 1168 667 1225 exemplar
696 1168 923 1212 Aeneidos
954 1169 1200 1227 composita
1241 1171 1385 1222 esset3
1429 1169 1507 1213 sed
1550 1184 1648 1213 cum
1687 1170 1876 1226 putaret

351 1240 580 1281 auctorem
623 1253 719 1281 esse
761 1238 891 1281 illum
931 1238 1197 1282 Pisandrum
1241 1239 1525 1296 praeclarum
1571 1241 1619 1281 et
1662 1241 1873 1290 veterem,

352 1305 525 1350 factum
566 1322 675 1360 esse,
720 1314 771 1350 ut
805 1307 1058 1364 Vergilium
1101 1308 1194 1351 eius
1235 1323 1332 1352 esse
1370 1308 1649 1351 imitatorem
1678 1307 1876 1350 arbitra-

352 1378 495 1419 retur.
543 1376 772 1432 Heynium
803 1391 901 1419 cum
932 1376 1034 1420 aliis
1066 1376 1211 1420 secuti
1241 1382 1346 1421 sunt
1377 1376 1646 1432 Bernhardy
1678 1375 1874 1433 (Griech.

350 1445 466 1488 Litt.
510 1445 573 1487 ΙΙ.
616 1446 718 1498 211)
766 1451 814 1488 et
856 1445 1058 1488 Kuschel
1100 1445 1264 1501 (Quell.
1308 1460 1349 1488 v.
1391 1445 1531 1502 Verg.
1575 1445 1688 1489 Aen.
1729 1444 1874 1489 Bresl.

352 1513 497 1570 1858).
522 1539 580 1546 —
600 1514 775 1559 Contra
794 1514 1009 1559 Welcker
1040 1515 1152 1570 (Der
1173 1515 1350 1572 epische
1370 1515 1535 1571 Cyclas
1566 1516 1603 1558 Ι.
1635 1531 1674 1571 p.
1702 1516 1755 1557 91
1765 1517 1876 1571 sqq.)

352 1583 538 1627 rettulit
578 1584 868 1627 Macrobiana
913 1584 968 1626 ad
1011 1583 1225 1627 Pisandri
1269 1583 1451 1628 maioris
1497 1586 1715 1640 ποιήματα
1757 1585 1875 1627 νόθα

352 1668 466 1711 quae
499 1652 660 1698 Suidas
692 1656 1012 1698 commemorat
1027 1654 1103 1708 ⁸¹),
1148 1656 1201 1697 ut
1231 1654 1466 1710 Vergilius
1504 1668 1667 1697 revera
1697 1668 1876 1697 carmen

351 1722 533 1779 aliquod
564 1723 772 1765 imitatus
806 1722 880 1766 sit.

468 1791 672 1835 Concedo
716 1791 892 1848 quidem
932 1792 1238 1849 quaestionem
1280 1794 1404 1835 certe
1447 1791 1561 1834 solvi
1602 1805 1690 1833 non
1729 1805 1874 1847 posse,

352 1860 458 1917 quia
502 1860 783 1916 argumentis
826 1874 1040 1903 caremus.
1117 1860 1284 1903 Tamen
1327 1859 1561 1903 Welckeri
1604 1858 1875 1902 sententiam

354 1929 495 1986 magis
532 1930 837 1987 comprobem,
878 1928 983 1987 quia
1024 1931 1073 1973 et
1113 1929 1288 1972 omnino
1329 1928 1573 1986 simplicius
1612 1928 1876 1972 testimonia

352 1999 687 2055 interpretatur
727 2001 775 2041 et
805 1998 1076 2042 Macrobium
1091 2032 1101 2052 ,
1140 2001 1194 2041 ut
1232 1998 1303 2041 cui
1332 1997 1497 2041 ceteris
1528 1997 1637 2040 locis
1670 2023 1724 2028 —
1758 1996 1876 2054 quod

352 2067 534 2126 quidem
574 2067 632 2112 ad
671 2081 766 2111 rem
806 2067 978 2111 attinet
1017 2082 1107 2112 non
1147 2067 1205 2112 ad
1243 2068 1385 2112 verba
1424 2090 1478 2098 -—
1522 2066 1631 2110 fides
1675 2067 1758 2121 sit,
1803 2065 1876 2110 hic

352 2152 528 2194 quoque
579 2137 679 2180 veri
729 2137 902 2193 aliquid
949 2137 1160 2193 proferre
1208 2136 1349 2193 ponit.
1432 2136 1498 2179 Ut
1543 2149 1652 2191 ergo
1697 2149 1877 2179 carmen

352 2205 576 2264 quoddam
608 2205 834 2250 Graecum
874 2219 961 2263 quo
992 2203 1155 2249 Troiae
1186 2204 1401 2249 interitus
1431 2205 1717 2259 narrabatur,
1761 2204 1875 2249 Ver-

353 2276 464 2333 gilio
494 2277 679 2333 praesto
711 2274 867 2328 fuerit,
914 2290 1010 2319 cum
1043 2275 1208 2318 librum
1238 2275 1289 2317 H
1319 2276 1618 2330 componeret,
1658 2275 1876 2331 quomodo

355 2359 406 2389 eo
438 2359 567 2388 usum
612 2359 711 2388 esse
742 2343 889 2388 credis
920 2343 1205 2402 Vergilium?
1262 2343 1366 2387 Non
1407 2342 1546 2387 aliter
1586 2345 1698 2401 puto
1740 2347 1877 2401 atque

355 2413 570 2471 Apolloni
601 2414 720 2457 libro
753 2412 827 2455 III
856 2413 904 2456 in
934 2416 1098 2470 quarto
1129 2427 1207 2457 suo
1238 2413 1313 2457 vel
1342 2411 1514 2456 Iliados
1551 2415 1601 2455 Ψ
1631 2412 1679 2456 in
1719 2412 1875 2471 quinto

472 2544 533 2586 30)
560 2541 738 2577 Conferas
764 2541 811 2577 de
835 2541 972 2577 forma:
1000 2541 1035 2577 S.
1062 2541 1109 2577 ad
1134 2551 1165 2577 a.
1197 2541 1257 2578 IV.
1288 2543 1316 2577 1.
1368 2540 1599 2587 ,Apollonius
1626 2541 1877 2587 Argonautica

355 2601 503 2646 scripsit
536 2606 574 2636 et
608 2601 645 2635 in
680 2601 790 2637 tertio
825 2600 964 2637 inducit
1002 2605 1181 2637 amantem
1217 2601 1402 2636 Medeam:
1440 2599 1525 2635 inde
1559 2604 1657 2636 totus
1691 2601 1750 2635 hic
1783 2600 1877 2635 liber

355 2660 556 2695 translatus
584 2662 662 2694 est‘.

374 2758 380 2760 μ
475 2720 536 2764 31)
563 2718 661 2755 Suid.
687 2718 711 2756 l.
738 2719 759 2754 1.
788 2730 816 2755 s.
844 2731 875 2754 v.
901 2720 1152 2762 Πείσανδρος;
1177 2718 1371 2764 ποιήματα
1400 2716 1441 2754 δὲ
1466 2718 1582 2754 αὐτοῦ
1602 2717 1804 2763 Ἡράκλεια
1832 2746 1839 2753 .
1867 2746 1874 2753 .

354 2779 400 2815 τὰ
437 2778 479 2815 δὲ
513 2779 606 2815 ἄλλα
641 2785 715 2815 τῶν
749 2779 967 2824 ποιημάτων
1002 2777 1104 2813 νόθα
1138 2779 1256 2813 αὐτοῦ
1293 2777 1488 2821 δοξάζεται
1523 2777 1700 2823 γενόμενα
1738 2776 1812 2812 ὑπό
1837 2788 1876 2811 τε

354 2838 475 2874 ἄλλων
500 2837 565 2873 καὶ.
590 2836 771 2882 Ἀριστέως
795 2842 862 2873 τοῦ
886 2842 1054 2881 ποιητοῦ.
