2088 3268
1058 146 1114 190 38

318 262 502 306 videtur
532 262 628 321 ipse
657 261 1021 320 perturbavisse,
1066 264 1119 306 ut
1148 262 1225 319 qui
1256 262 1396 306 verba
1424 260 1631 306 iniecerit
1670 260 1713 318 (ξ
1746 259 1841 316 15):

320 345 478 385 ,nonne
516 331 644 376 vobis
678 331 890 375 videntur
929 332 1129 375 membra
1156 330 1287 374 huius
1321 330 1636 386 descriptionis
1668 345 1724 374 ex
1754 344 1842 373 uno

318 400 449 444 fonte
479 415 695 455 manasse,
729 400 809 444 sed
837 414 994 444 rursus
1025 400 1145 445 locos
1177 400 1289 445 alios
1318 402 1658 457 componamus‘.
1691 426 1744 432 —-
1775 398 1844 443 De

315 470 456 513 tertio
497 470 645 526 capite
688 484 761 513 res
806 469 944 513 dubia
986 471 1078 525 est;
1142 469 1318 527 reliqua
1359 468 1467 512 libri
1511 468 1683 528 capita,
1730 483 1844 528 quae

318 554 373 583 ex
403 538 505 584 aliis
534 538 737 583 fontibus
766 539 1006 594 fluxerunt,
1037 539 1186 584 aliena
1215 541 1322 583 sunt
1351 554 1380 583 a
1408 539 1641 596 proposito
1670 542 1843 583 nostro.

435 620 659 678 Inspectis
700 620 846 677 igitur
882 618 1058 664 indiciis
1100 621 1148 664 et
1189 619 1415 677 vestigiis,
1460 620 1619 678 quibus
1650 620 1845 664 fontium

318 691 531 747 proprius
562 689 672 733 ordo
705 689 935 746 proditur,
978 690 1067 733 iam
1109 689 1437 746 intellegimus,
1477 689 1631 746 quales
1673 688 1845 733 fuerint

317 758 388 802 illi
417 758 581 803 fontes.
642 758 763 802 Nam
790 773 890 802 cum
918 758 1090 803 Donati
1124 759 1236 803 Vita
1267 757 1447 815 Vergili
1476 757 1628 814 (Reiff.
1659 758 1843 802 Sueton.

317 844 358 884 p.
385 829 456 881 66)
487 827 728 872 memoriae
760 828 982 872 traditum
1012 829 1074 872 sit
1103 828 1244 872 fuisse
1274 828 1396 871 inter
1418 827 1599 885 Vergili
1619 829 1844 872 obtrecta-

316 900 455 951 tores,
486 898 563 955 qui
595 897 747 951 ,furta‘
779 897 874 941 eius
908 898 1227 942 contraherent
1258 898 1331 941 vel
1362 898 1590 950 ,homoeon
1618 897 1843 940 elenchon‘

317 980 479 1024 corpus
507 967 859 1021 conscriberent,
901 967 1104 1011 dubitari
1140 982 1230 1011 non
1266 969 1433 1025 potest,
1482 964 1589 1023 quin
1631 981 1686 1010 ex
1715 965 1844 1010 huius

317 1035 498 1093 generis
529 1034 658 1079 libris
691 1036 892 1080 Macrobi
925 1038 1086 1080 auctor
1117 1051 1198 1080 sua
1228 1036 1523 1093 excerpserit;
1565 1050 1675 1093 quos
1706 1035 1844 1079 libros

317 1105 392 1148 via
422 1105 668 1162 etratione
690 1105 962 1162 compositos
984 1105 1261 1162 exemplaria
1290 1119 1371 1162 per
1393 1108 1627 1162 poetarum
1645 1104 1846 1148 ordinem

318 1173 565 1230 protulisse
597 1174 840 1217 verisimile
871 1177 953 1218 est.
1021 1174 1225 1228 Accedit,
1257 1173 1376 1231 quod
1406 1174 1727 1218 obtrectatoris
1758 1189 1846 1218 vox

316 1241 545 1286 nonnullis
567 1242 679 1286 locis
703 1243 924 1299 proditur,
955 1243 1145 1287 maxime
1176 1243 1257 1287 VI.
1279 1243 1306 1285 2
1338 1244 1360 1298 ξ
1382 1244 1439 1286 30
1469 1257 1580 1297 ,cum
1603 1257 1848 1301 paucorum

317 1312 558 1355 verborum
587 1311 926 1356 immutatione‘.
984 1312 1052 1356 Cf.
1085 1312 1208 1355 infra
1248 1327 1290 1369 p.
1325 1313 1394 1355 63.
1456 1312 1624 1355 Tamen
1666 1312 1846 1356 dubium

317 1384 402 1435 est,
445 1396 551 1424 num
590 1396 752 1426 revera
793 1382 852 1425 ad
891 1382 991 1439 ipsa
1033 1383 1204 1439 scripta
1244 1396 1272 1425 a
1302 1381 1482 1425 Donato
1513 1381 1659 1425 allata
1691 1381 1848 1425 redeat

315 1450 516 1494 Macrobi
554 1456 723 1502 auctor,
767 1465 911 1507 neque
949 1465 1112 1507 operae
1150 1451 1348 1507 pretium
1378 1454 1449 1493 est
1478 1450 1729 1507 inquirere,
1770 1450 1842 1493 cui

316 1518 501 1561 illorum
531 1519 823 1562 Macrobiana
852 1519 1103 1562 debeantur
1118 1518 1189 1574 37);
1238 1518 1440 1562 εθᾶἸιοο
1468 1520 1641 1563 certum
1672 1521 1744 1562 est
1774 1520 1847 1562 ob-

318 1589 597 1631 trectatores
627 1588 731 1632 illos
757 1588 990 1631 scientiam
1012 1602 1136 1630 suam
1156 1587 1357 1631 hausisse
1387 1601 1412 1629 e
1434 1587 1613 1630 scholiis
1635 1587 1845 1644 antiquis,

315 1655 364 1699 in
385 1656 545 1713 quibus
568 1656 748 1713 singula
767 1656 826 1700 ad
853 1656 1056 1713 singulos
1078 1672 1234 1700 versus
1256 1655 1530 1714 exemplaria
1549 1658 1846 1701 notabantur.

318 1724 449 1769 Unde
492 1726 708 1783 sequitur,
750 1729 802 1770 ut
843 1726 983 1770 etiam
1014 1726 1211 1770 Macrobi
1249 1726 1533 1770 collectiones
1565 1726 1758 1771 redeant
1791 1726 1848 1771 ad

317 1809 527 1852 magnam
546 1796 673 1840 illam
693 1796 960 1840 scholiorum
985 1797 1167 1853 copiam,
1197 1796 1314 1839 unde
1337 1795 1469 1840 Servi
1489 1795 1847 1854 scholiorumque

317 1867 581 1908 nostrorum
601 1872 735 1909 notae
757 1868 883 1909 ortae
909 1872 1014 1909 sunt
1027 1865 1095 1919 ³⁸).
1141 1865 1239 1919 Quo
1270 1865 1337 1918 fit,
1369 1873 1420 1908 ut
1441 1864 1645 1922 plerique
1665 1869 1846 1923 poetae,

317 1948 428 1990 quos
459 1934 599 1993 affert
619 1934 883 1988 Macrobius,
916 1934 1055 1978 etiam
1084 1934 1131 1977 in
1162 1933 1342 1977 scholiis
1374 1934 1544 1978 nostris
1579 1934 1845 1989 afferantur,

316 2017 583 2060 quamquam
612 2003 725 2046 alios
757 2018 911 2046 eorum
943 2003 1066 2047 locos
1097 2005 1229 2047 notat
1259 2002 1525 2055 Macrobius,
1565 2003 1679 2047 alios
1708 2003 1847 2047 inter-

317 2072 423 2115 dum
453 2071 632 2116 scholia.
697 2072 848 2116 Etiam
886 2075 939 2116 ut
972 2074 1129 2129 poetas
1163 2071 1376 2128 quosdam
1407 2071 1589 2115 silentio
1620 2074 1847 2129 praeterit

317 2143 386 2184 ita
415 2141 529 2184 alios
560 2140 689 2184 addit
719 2141 777 2184 ad
808 2141 1130 2198 exemplarium
1160 2154 1409 2183 numerum:
1441 2140 1631 2183 Varium
1659 2140 1847 2185 Furium

320 2209 502 2254 Sueium
534 2209 804 2254 Ciceronem.

436 2293 645 2350 Apparet
674 2292 820 2349 igitur
849 2295 1030 2336 tantum
1061 2307 1158 2337 esse
1188 2293 1435 2350 poetarum·
1453 2306 1696 2344 numerum,
1740 2308 1845 2351 quo-

319 2377 421 2404 rum
442 2376 581 2419 opera
602 2361 848 2418 Vergilius,
881 2376 979 2405 cum
1000 2362 1199 2405 carmina
1229 2375 1309 2404 sua
1331 2361 1563 2414 scriberet,
1596 2361 1845 2418 inspexisse

319 2434 456 2487 atque
478 2431 564 2473 sibi
584 2431 872 2487 proposuisse
898 2430 1169 2488 exemplaria
1189 2429 1415 2483 tradatur,
1438 2431 1491 2472 ut
1509 2442 1650 2486 paene
1673 2430 1843 2474 nullum

435 2588 498 2627 37)
524 2585 578 2620 Cf.
604 2585 769 2620 Ribbeck
793 2586 886 2629 prol.
912 2596 947 2629 p.
973 2587 1030 2620 99.
1078 2584 1122 2618 H.
1150 2584 1277 2627 Linke,
1306 2584 1358 2618 De
1385 2586 1496 2619 Macr.
1524 2583 1699 2628 fontibus,
1727 2585 1842 2620 Wrat.

323 2645 422 2687 isso,
450 2655 484 2689 p.
513 2645 568 2678 ⁴5.

438 2706 501 2749 38)
526 2705 706 2748 Imprimis
724 2705 783 2738 DS
809 2710 845 2739 et
864 2706 1028 2739 Macrobi
1053 2706 1077 2739 l.
1099 2706 1151 2739 VI
1177 2708 1305 2739 auctor
1330 2714 1376 2738 ex
1398 2701 1526 2738 'eodem
1550 2703 1653 2739 fonte
1678 2704 1842 2740 hausisse

319 2761 499 2807 videntur,
526 2772 606 2797 cum
626 2767 778 2806 uterque
804 2761 848 2798 de
867 2762 1005 2799 Naevio
1033 2767 1070 2799 et
1094 2761 1139 2799 de
1158 2763 1317 2799 carmine
1339 2762 1488 2807 antiquo
1506 2764 1726 2800 rusticorum
1749 2763 1843 2799 idem

323 2822 500 2867 proferat.
