2088 3268
895 157 969 228 13*

274 326 328 332 —
358 301 531 358 Agitur
561 302 616 345 de
645 301 848 345 versibus
880 303 981 343 octo
1004 298 1353 354 <SM—811)¹³)‚
1386 299 1544 355 quibus
1567 298 1680 341 Ver-

164 369 300 428 gilius
339 385 411 415 res
450 370 519 414 ita
558 372 714 427 gestas
746 383 843 413 esse
886 370 1069 422 narrat,
1119 369 1172 411 ut
1202 367 1320 425 apud
1348 367 1590 412 Homerum
1619 367 1679 410 le-

162 441 344 496 guntur.
404 439 504 483 Uno
535 441 714 482 tantum
743 438 839 481 loco
871 437 928 480 ad
960 438 1098 480 verba
1118 437 1303 480 Homeri
1333 437 1461 493 quasi
1491 437 1680 492 digitum

163 506 361 551 intendit
399 507 457 564 (v.
490 507 575 550 807
605 521 686 550 nec
725 505 926 564 reperire
955 504 1076 549 viam
1114 508 1250 563 atque
1291 504 1502 548 evolvere
1530 507 1682 562 posset

160 578 207 621 in
234 591 358 621 mare
389 592 435 621 se
455 577 665 620 Xanthus
700 597 749 613 ω
784 577 838 619 Φ.
854 576 940 618 218
970 575 1081 619 οὐδέ
1106 593 1147 618 τι
1177 591 1237 631 πῃ
1267 577 1457 630 δύναμαι
1478 574 1681 629 προχέειν

117 643 120 646 ⁴
162 647 271 702 ῥόον
311 648 375 697 εἰς
414 647 497 689 ἅλα
537 647 640 688 δῖαν
680 647 961 700 στεινόμενος
999 645 1241 698 νεκύεσσι),
1292 644 1349 687 ad
1391 658 1503 701 quae
1543 644 1681 687 verba

169 714 349 758 Servius
380 715 718 758 annotationem
746 715 872 758 facit.

276 783 321 840 2)
350 797 390 827 a.
423 783 504 826 IX.
539 784 624 826 435
656 803 709 819 =
742 786 793 826 Θ.
826 783 910 827 306
928 797 1020 841 sqq.

279 852 346 896 S.:
381 843 580 907 ,Homeri
610 856 682 897 est
712 856 759 897 et
791 854 1066 911 comparatio
1099 855 1144 896 et
1175 853 1333 908 figura.
1394 865 1497 895 nam
1528 854 1575 895 et
1604 851 1680 894 ille

164 922 229 967 sic
258 922 345 978 ait,
389 925 444 967 ut
473 923 718 967 multorum
759 939 892 967 unum
932 923 1103 967 diceret
1132 924 1293 980 caput‘.
1356 921 1424 966 Cf.
1456 922 1592 966 Macr.
1625 922 1680 965 V.

169 988 236 1035 1'0.
272 992 337 1034 13.

281 1087 337 1093 -—
366 1062 589 1106 Homerus
630 1062 777 1107 virum
817 1063 1125 1116 vulneratum,
1173 1061 1248 1120 qui
1291 1064 1427 1120 caput
1467 1060 1682 1113 demittit,

166 1135 397 1189 comparat
427 1147 524 1176 cum
552 1132 716 1176 frutice
745 1132 1003 1190 papaveris,
1048 1132 1171 1175 cuius
1211 1135 1346 1188 caput
1376 1134 1425 1174 et
1454 1131 1682 1174 fructuum

168 1201 399 1257 gravitate
430 1204 477 1245 et
506 1204 744 1245 ventorum
773 1202 887 1245 flatu
925 1202 1103 1244 humum
1134 1201 1403 1245 deflectitur.
1463 1200 1580 1243 Fere
1610 1214 1681 1243 ea—

167 1269 266 1313 dem
306 1273 536 1328 comparat
567 1270 801 1328 Vergilius
843 1271 890 1314 in
931 1270 1123 1314 secunda
1161 1272 1291 1328 parte
1336 1266 1681 1327 comparationis

168 1354 286 1393 suae,
318 1342 634 1398 praeterquam
675 1341 793 1398 quod
830 1341 960 1384 flores
1002 1340 1178 1384 detrahi
1218 1340 1328 1383 dicit
1366 1340 1533 1396 pluvia.
1596 1339 1683 1383 Sed

168 1408 309 1452 adicit
338 1424 498 1453 novam
529 1410 907 1466 comparationem
937 1409 985 1452 in
1013 1409 1167 1467 priore
1196 1411 1341 1466 parte,
1373 1423 1462 1466 qua
1490 1409 1570 1452 flos
1602 1408 1682 1452 ali-

171 1478 269 1534 quis
300 1493 551 1535 purpureus
582 1479 855 1522 describitur
885 1481 1041 1521 aratro
1082 1478 1230 1522 laesus
1246 1478 1308 1533 l⁴¹).
1370 1478 1682 1534 Intellegimus

171 1547 316 1603 igitur
347 1547 600 1604 Vergilium
639 1548 766 1605 quasi
807 1550 984 1592 certare
1029 1563 1126 1590 cum
1166 1549 1301 1604 poeta
1332 1547 1505 1591 Graeco
1547 1549 1683 1604 atque

170 1616 299 1659 illum
329 1616 581 1674 adaequare
612 1617 795 1661 studere
825 1617 899 1660 vel
930 1631 1150 1673 superare.
1222 1616 1321 1669 Qua
1361 1631 1410 1659 re
1441 1618 1683 1659 commotus

171 1685 369 1730 mutavit
399 1689 446 1731 et
477 1686 605 1731 auxit
634 1686 892 1741 Homerica;
938 1686 1016 1731 sed
1045 1685 1237 1730 retinuit
1282 1685 1498 1742 ‚figuram‘
1554 1700 1683 1743 quam

171 1755 282 1799 dicit
312 1755 510 1810 Servius,
542 1756 660 1813 quod
690 1756 917 1813 singulare
949 1758 1110 1813 ,caput‘
1141 1755 1294 1813 posuit
1322 1770 1404 1812 pro
1435 1755 1611 1812 plurali.

152 1861 157 1868 ,
286 1824 328 1879 3)
359 1839 398 1868 a.
415 1825 497 1868 IX.
528 1825 613 1868 806
634 1845 688 1861 =
710 1829 766 1867 Π.
790 1825 1028 1868 102-111,
1078 1824 1176 1868 DS:
1200 1827 1339 1879 ‚totus
1360 1824 1481 1868 locus
1502 1823 1685 1868 Homeri

173 1895 271 1937 est‘.
305 1920 358 1926 —
390 1893 507 1938 Vide
536 1893 659 1937 infra
688 1910 729 1952 p.
763 1894 829 1937 78.

285 1962 329 2019 4)
359 1977 397 2006 a.
421 1964 476 2006 X.
499 1963 585 2006 270
616 1964 812 2017 (Aeneae
844 1978 1069 2007 armorum
1098 1963 1251 2019 fulgor
1272 1965 1559 2019 comparatur
1588 1977 1684 2005 cum

171 2031 352 2090 fulgore
381 2034 654 2076 cometarum
683 2032 757 2076 vel
787 2032 926 2090 Sirii).
957 2058 1014 2064 —-
1046 2033 1097 2077 S:
1130 2034 1212 2083 ,est
1242 2034 1392 2076 autem
1425 2031 1608 2075 Homeri
1639 2035 1686 2075 et

170 2101 292 2145 locus
314 2104 361 2145 et
381 2102 667 2159 comparatiO.
729 2102 810 2147 hoc
831 2105 981 2147 autem
1000 2102 1088 2146 iste
1109 2102 1350 2146 violentius
1370 2101 1535 2159 posuit,
1569 2102 1686 2158 quod

169 2170 247 2213 ille
278 2170 438 2214 stellae
468 2173 647 2215 tantum
676 2172 786 2216 fecit
816 2173 1212 2230 comparationem,
1257 2171 1329 2214 hic
1359 2171 1493 2214 etiam
1524 2170 1685 2213 stellae

170 2238 439 2296 pestiferae,
490 2240 734 2297 respiciens
779 2256 889 2299 quas
935 2241 1084 2285 clades
1125 2240 1309 2283 Rutulis
1354 2239 1415 2283 sit
1458 2238 1683 2282 inlaturus

170 2309 376 2352 Aeneas‘.

288 2404 336 2409 —
387 2378 508 2423 Duas
550 2381 706 2436 partes
747 2379 886 2424 habet
922 2379 1101 2437 Vergili
1145 2379 1442 2437 comparatio,
1498 2391 1685 2435 quarum

168 2447 321 2504 priore
352 2448 409 2503 (v.
433 2449 517 2492 270
533 2450 644 2506 sqq.)
677 2463 800 2493 arma
828 2450 1024 2493 nitentia
1054 2449 1377 2500 describuntur,
1408 2448 1557 2491 altera
1586 2447 1685 2503 ipsa

290 2630 347 2673 13)
373 2629 463 2665 Tres
488 2640 614 2665 versus
640 2640 671 2664 a.
698 2630 760 2665 XI.
785 2632 865 2674 483,
903 2630 966 2665 ubi
990 2629 1034 2665 de
1066 2630 1174 2674 ‚omni
1199 2629 1373 2664 oratione‘
1412 2627 1501 2662 dicit
1525 2626 1682 2662 Servius.

169 2698 200 2721 v.
227 2697 254 2721 s.
281 2698 315 2731 p.
345 2689 398 2722 12.
425 2699 453 2723 s.
479 2699 512 2723 n.
539 2690 587 2732 4).

289 2747 346 2792 14)
373 2746 425 2782 Cf.
453 2747 583 2783 Catull.
608 2748 669 2783 X1.
696 2750 751 2782 22.
779 2748 850 2792 qui.
866 2747 962 2783 illius
988 2748 1094 2792 culpa
1119 2746 1249 2783 cecidit
1274 2747 1372 2782 velut
1397 2745 1495 2790 prati

782 2806 900 2841 ultimi
924 2806 990 2842 flos
1016 2810 1272 2850 praetereunte
1296 2809 1489 2850 postquam

779 2869 899 2901 tactus
925 2869 1048 2900 aratro
1074 2869 1139 2900 est.
