2088 3268
1076 191 1131 232 66

339 305 455 348 hunc
487 318 668 348 versum
702 303 1068 360 hypermetrum,
1106 302 1282 359 qualem
1310 302 1480 360 primus
1507 302 1556 345 in
1586 301 1759 345 litteris
1790 300 1865 343 ad-

343 375 496 417 hibere
527 373 708 416 Latinis
757 386 891 416 ausus
936 387 1031 416 esse
1070 371 1252 416 videtur
1282 371 1494 415 Lucilius.
1551 370 1624 414 -De
1666 363 1867 428 pugilum

342 445 493 487 autem
545 441 662 499 apud
716 441 939 485 Lucilium
988 441 1232 485 certamine
1287 441 1363 498 agi
1411 441 1583 484 indicat
1633 440 1866 498 Vergilius

338 514 575 558 imitator‘.

455 582 568 625 Cum
608 594 719 638 ergo
760 581 829 624 his
868 581 1039 624 duobus
1079 581 1188 625 locis
1221 580 1454 638 Vergilius
1487 580 1708 624 Lucilium
1743 579 1866 623 adhi-

343 652 513 704 buerit,
564 664 641 694 cur
685 650 863 693 dubites
909 650 963 692 de
1003 650 1221 706 reliquis?
1267 649 1469 694 Concedo
1511 649 1708 706 quidem,
1751 650 1867 706 quod

340 720 480 763 illud:

457 791 500 844 3)
533 804 575 845 g.
608 790 671 831 Π.
703 790 760 831 98
806 804 899 842 ,rex
939 790 1035 846 ipse
1066 787 1314 832 Phanaeus‘
1359 790 1412 831 de
1457 789 1627 832 Lucilio
1669 791 1868 832 tractum

342 873 439 904 esse
472 858 656 904 Servius
699 857 811 903 dicit
850 859 926 915 (fr.
960 859 1067 902 1131
1104 860 1212 908 Χῖός
1241 874 1286 901 τε
1319 859 1577 914 δυνάστης),
1621 859 1714 903 tale
1761 858 1868 917 quid

342 929 479 971 etiam
510 928 681 983 fingere
713 928 909 983 potuisse
928 928 1181 982 Vergilium
1214 928 1271 969 ad
1301 928 1416 970 alius
1449 928 1677 970 cuiusdam
1705 930 1867 985 poetae

343 996 615 1054 exemplum;
664 996 741 1040 sed
783 994 956 1040 Marxio
997 996 1211 1041 assentiri
1248 996 1429 1051 dubito,
1477 997 1552 1055 qui
1589 1013 1678 1040 non
1713 997 1866 1052 Lucili,

312 1090 315 1093 ·
343 1067 421 1109 sed
451 1067 570 1108 Enni
599 1067 829 1122 exemplar
858 1067 983 1123 sequi
1014 1067 1268 1123 Vergilium
1300 1067 1420 1108 dicat
1450 1067 1519 1109 his
1554 1067 1686 1110 locis:

458 1136 503 1194 4)
535 1151 573 1180 a.
606 1135 688 1180 IX.
723 1136 806 1179 ¹227
840 1136 1072 1180 consilium
1113 1136 1292 1181 summis
1324 1137 1452 1194 regni
1484 1137 1540 1181 de
1573 1139 1705 1182 rebus
1736 1137 1866 1181 habe-

346 1210 467 1250 bant.

459 1276 559 1320 DS:
607 1284 667 1332 ,et
711 1278 783 1320 est
813 1276 977 1320 Lucilii
1008 1291 1165 1321 versus
1207 1290 1295 1320 uno
1336 1279 1514 1321 tantum
1545 1290 1747 1321 sermone
1777 1291 1868 1320 mu-

343 1349 466 1389 tato:
498 1360 602 1387 nam
633 1346 711 1387 1110
741 1346 828 1387 ait:

344 1416 423 1473 (fr.
462 1415 518 1471 l.)
551 1415 785 1459 eonsilium
817 1415 996 1458 summis
1029 1415 1249 1458 hominum
1282 1415 1336 1458 de
1366 1417 1498 1458 rebus
1529 1415 1781 1458 habebant‘.

460 1485 557 1538 Quo
589 1497 688 1526 cum
719 1483 818 1525 loco
849 1484 1007 1525 statim
1038 1484 1301 1539 coniungam
1331 1483 1538 1538 alterum,
1570 1483 1646 1526 ubi

461 1554 504 1611 5)
535 1553 592 1598 ad
623 1553 745 1597 Iovis
777 1554 822 1595 in
853 1553 1038 1597 consilio
1070 1553 1254 1597 deorum
1283 1555 1448 1597 verba:
1482 1569 1519 1597 a.
1550 1554 1606 1597 X.
1630 1555 1725 1607 104,
1759 1554 1868 1598 acci-

345 1625 441 1682 pite
474 1639 581 1680 ergo
614 1624 786 1666 animis‘
820 1622 1003 1666 Servius
1035 1623 1169 1666 dicit:
1214 1625 1351 1676 ,totus
1385 1623 1457 1666 hic
1487 1623 1608 1666 locus
1640 1623 1693 1666 de
1725 1624 1868 1681 primo

346 1694 493 1739 Lucili
523 1693 779 1738 translatus
812 1696 884 1737 est
913 1693 1043 1737 libro‘
1077 1709 1166 1750 eqs.

463 1764 667 1807 Notatur
696 1763 842 1819 igitur
873 1763 1043 1805 duobus
1075 1763 1299 1806 Aeneidos
1331 1763 1440 1806 locis
1461 1763 1712 1820 Vergilium
1742 1778 1871 1805 usum

345 1848 444 1878 0880
484 1833 636 1875 eodem
667 1832 814 1874 Lucili
853 1831 950 1874 loco
987 1832 1064 1874 ubi
1094 1833 1372 1880 narrabatur
1405 1832 1585 1875 deorum
1624 1832 1868 1875 consilium.

347 1904 499 1959 Atque
532 1903 725 1958 apparet
757 1900 954 1943 alterum
985 1905 1297 1956 argumentum
1328 1901 1472 1944 altero
1504 1901 1572 1944 ita
1603 1901 1869 1954 confirmari,

346 1977 398 2017 ut
427 1976 671 2028 utrumque
692 1971 943 2027 neglegere
974 1970 1047 2014 vel
1078 1971 1308 2026 corrigere
1340 1986 1428 2014 non
1460 1971 1638 2014 audeas.
1691 1970 1870 2024 Quaero

349 2042 497 2092 etiam,
533 2056 613 2082 cur
631 2039 866 2096 Vergilius
887 2040 1097 2098 pugilatu
1119 2040 1264 2083 Lucili
1294 2054 1402 2083 usus
1435 2039 1617 2082 deorum
1640 2039 1872 2084 consilium

347 2111 519 2155 imitari
537 2125 624 2154 non
645 2110 861 2166 potuerit.
910 2110 1047 2152 Immo
1065 2110 1364 2153 demonstrari
1387 2110 1588 2153 arbitror
1609 2110 1678 2152 his
1701 2110 1871 2153 duobus

347 2180 627 2237 argumentis
659 2179 917 2236 Vergilium
952 2195 1042 2222 non
1072 2179 1297 2223 invenisse
1328 2179 1447 2236 apud
1479 2179 1672 2222 Ennium
1690 2179 1742 2236 ⁵⁹)
1773 2194 1871 2223 con-

349 2251 497 2292 silium
529 2250 714 2291 deorum
761 2249 829 2291 ita
870 2249 1170 2305 descriptum,
1215 2251 1267 2291 ut
1310 2249 1394 2291 sibi
1438 2263 1688 2305 proponere
1719 2251 1874 2306 posset

349 2318 592 2377 exemplar,
626 2323 765 2376 atque
795 2318 895 2362 idco
928 2318 1072 2361 Lucili
1102 2318 1347 2376 inspexisse
1380 2318 1535 2362 locum.

467 2388 597 2441 Quod
626 2402 769 2445 paene
800 2390 948 2431 totum
970 2402 1148 2431 versum
1181 2388 1284 2431 inde
1307 2387 1508 2445 sumpsit,
1541 2402 1629 2431 non
1659 2388 1874 2431 miramur

350 2457 621 2516 comparatis
654 2457 824 2501 duobus
865 2458 967 2501 aliis
1000 2459 1206 2502 versibus
1239 2460 1282 2515 1)
1314 2461 1361 2502 et
1390 2460 1457 2514 2),
1502 2458 1660 2516 quibus
1702 2459 1874 2502 accedit

348 2529 427 2572 ille
458 2541 631 2581 versus,
666 2527 742 2584 qui
763 2528 947 2571 Lucreti
976 2528 1150 2571 nomine
1183 2528 1298 2571 falso
1330 2528 1513 2572 videtur
1546 2527 1746 2572 traditus
1778 2543 1875 2572 esse

350 2598 421 2654 (de
453 2612 539 2654 quo
572 2613 614 2640 v.
646 2597 771 2639 infra
800 2613 842 2654 p.
864 2598 1028 2654 81sq.).
1093 2597 1182 2640 Sed
1211 2598 1265 2640 de
1295 2598 1391 2640 loco
1423 2597 1504 2640 illo
1537 2598 1581 2653 5)
1620 2598 1874 2641 accuratius

350 2667 425 2723 agi
457 2681 567 2723 opus
599 2668 684 2709 est.
745 2665 907 2723 Pergit
938 2667 1054 2710 enim
1086 2666 1292 2710 Servius:
1326 2667 1381 2723 (a.
1414 2667 1470 2709 X.
1501 2666 1602 2722 104)
1634 2669 1773 2720 ,totus
1804 2666 1877 2709 hic

350 2737 473 2780 locus
507 2736 561 2779 (10
594 2736 736 2792 primo
760 2736 923 2779 Lucilii
943 2736 1199 2780 translatus
1232 2739 1302 2780 est
1332 2735 1463 2790 libro,
1495 2736 1572 2780 ubi
1603 2736 1875 2780 inducuntur

471 2836 532 2878 58)
559 2833 757 2869 Exstitisse
795 2832 943 2869 deorum
979 2844 1185 2869 consessum
1213 2834 1248 2868 in
1277 2838 1367 2868 Ann.
1394 2834 1417 2868 1.
1445 2834 1470 2869 Ι.
1511 2833 1785 2869 demonstratur
1811 2832 1872 2868 Ov.

352 2897 434 2927 met.
462 2891 559 2928 XIV.
589 2895 657 2928 812
670 2901 760 2936 sqq„
788 2891 833 2927 de
853 2897 942 2927 Ann.
962 2893 1045 2927 V111
1075 2893 1196 2937 (Vahl.
1216 2905 1251 2938 p.
1270 2893 1469 2938 CXXXIX)
1497 2893 1612 2927 minus
1641 2896 1779 2927 certum
1804 2897 1869 2927 est.
