2088 3268
1004 180 1060 223 85

272 308 402 352 quem
423 294 606 339 Servius
638 296 709 350 (cf.
734 294 879 338 Schol.
902 295 1053 352 Bern.)
1085 297 1237 338 notat:
1272 294 1507 348 ,Varronis
1538 294 1609 338 hic
1631 308 1788 337 versus

272 366 372 408 est‘.
433 363 521 408 Sed
562 379 616 408 ex
657 358 869 422 exemplis
902 367 1039 420 supra
1078 378 1120 420 p.
1153 363 1208 405 59
1239 363 1439 407 collectis
1472 364 1689 421 sequitur,
1738 365 1788 404 ut

274 433 406 495 valde
451 434 629 477 dubium
674 434 757 487 sit,
809 447 867 477 an
912 446 1073 476 revera
1118 433 1176 476 ad
1222 435 1405 476 verbum
1451 434 1566 476 hunc
1611 447 1787 479 ,versum

273 503 567 547 transtulerit
596 502 852 559 Vergilius;
892 515 1037 558 neque
1077 516 1186 558 ergo
1228 503 1413 545 audeam
1451 503 1578 545 illum
1608 517 1785 545 versum

272 572 393 616 inter
424 572 653 616 Varronia
682 571 942 627 fragmenta
971 570 1169 627 recipere
1201 571 1274 627 (fr.
1308 572 1346 614 6.
1378 587 1419 628 p.
1450 572 1534 614 333
1548 571 1617 627 B).

386 640 539 684 Etiam
569 643 617 684 et
648 640 786 683 Probi
816 640 873 682 ad
902 653 945 695 g.
978 640 1013 681 I.
1048 640 1102 682 14
1130 640 1364 683 notatione
1396 640 1573 696 (Hagen
1614 656 1656 696 p.
1689 642 1786 692 351,

272 710 343 765 22)
387 709 602 765 ‚traditur
642 709 751 752 haec
780 708 977 752 historia
1012 708 1067 753 de
1097 708 1311 752 Aristaeo
1342 709 1389 751 in
1420 724 1606 766 corpore
1637 709 1785 764 Argo-

271 782 508 823 nautorum
549 778 626 834 (cf.
667 778 753 836 Ap.
795 779 880 822 Rh.
922 779 981 821 H.
1014 779 1120 834 500>
1166 794 1191 822 a
1233 780 1442 822 Varrone
1479 778 1687 821 Atacino‘
1732 778 1786 822 de

269 848 523 892 imitatione
543 848 723 905 Vergili
750 847 862 891 nihil
892 849 1045 905 potest
1075 847 1239 904 colligi.
1260 873 1316 878 -—
1338 846 1426 891 Sed
1456 849 1509 890 ut
1528 860 1782 905 cognascas,

271 933 383 975 quae
430 918 491 961 sit
542 919 661 961 ratio
713 918 835 961 inter
885 918 1172 975 Apollonium
1221 918 1475 960 Varronem
1520 917 1784 974 Vergilium.

272 996 498 1045 compares
530 1000 691 1045 quaeso
723 986 826 1031 illas
859 985 992 1040 locas,
1040 986 1197 1044 quibus
1241 986 1513 1029 describitur
1553 986 1698 1029 noctis
1731 987 1785 1029 si-

270 1057 480 1100 lentium:
527 1061 612 1114 Ap.
643 1057 787 1100 Rhod.
819 1057 933 1114 Arg.
965 1057 1051 1100 ΙΠ.
1085 1057 1190 1109 743,
1237 1055 1432 1099 Varron.
1465 1056 1567 1099 Att.
1605 1055 1687 1098 [Π.
1729 1055 1784 1098 fr.

269 1126 362 1169 713.
406 1127 544 1183 Verg.
586 1142 623 1170 a.
665 1127 748 1170 IV.
780 1127 863 1168 522
909 1140 1006 1168 cum
1048 1126 1215 1183 Heynii
1253 1125 1584 1169 commentario.
1657 1124 1785 1168 Unde

270 1196 508 1252 intelleges
540 1198 755 1253 quantum
785 1196 927 1249 absit,
970 1198 1024 1239 ut
1054 1195 1285 1252 Vergilius
1317 1194 1605 1238 Varroniana
1635 1202 1784 1238 trans-

273 1267 399 1310 ferre
430 1264 592 1310 solitus
624 1266 700 1309 sit.

385 1336 429 1393 4)
459 1335 528 1379 De
558 1335 862 1380 Eratosthene
902 1335 1091 1379 diximus
1137 1351 1178 1392 p.
1212 1335 1267 1379 30
1280 1351 1365 1392 sq.;
1414 1335 1597 1378 eundem
1640 1334 1784 1378 locum

269 1408 377 1449 ante
408 1406 660 1463 Vergilium
696 1405 840 1449 Varro
882 1405 927 1448 in
959 1405 1323 1463 ,Chorographia‘
1365 1400 1669 1449 transtulerat
1700 1406 1782 1449 sic:

269 1475 325 1518 fr.
360 1475 414 1517 14
426 1475 476 1518 B.
538 1478 588 1518 at
619 1476 812 1532 quinque
841 1475 1065 1518 aethereis
1097 1475 1221 1518 zonis
1252 1475 1502 1531 accingitur
1535 1476 1655 1519 orbis

533 1559 584 1588 ac
616 1546 803 1588 vastant
832 1544 942 1588 imas
974 1544 1137 1587 hiemes
1168 1544 1442 1601 mediamque
1472 1545 1667 1588 calores:

532 1615 596 1658 sic
624 1616 777 1657 terrae
798 1616 1022 1657 extremas
1044 1614 1194 1656 inter
1222 1614 1479 1670 mediamq
1493 1629 1554 1656 ue
1575 1614 1784 1657 coluntur

532 1697 641 1741 quas
674 1683 781 1727 solis
813 1683 969 1727 rabido
1000 1698 1238 1741 numquam
1270 1683 1335 1727 vis
1366 1683 1550 1727 adterat
1581 1684 1694 1741 igne.

384 1753 504 1809 Ergo
535 1753 768 1809 Vergilius
800 1756 858 1809 (g.
881 1753 1182 1809 1.233—238)
1214 1753 1320 1796 solis
1351 1753 1501 1796 verbis
1535 1753 1668 1806 ,inter
1697 1769 1782 1796 me-

266 1822 484 1879 diamque‘
527 1837 569 1866 v.
600 1822 685 1865 237
728 1823 904 1866 novisse
948 1838 994 1866 se
1027 1821 1248 1866 Varronis
1290 1822 1434 1865 locum
1479 1822 1782 1874 demonstrat,

267 1891 314 1934 in
345 1891 530 1949 reliquis
562 1894 642 1935 aut
683 1907 808 1934 suum
848 1892 1051 1949 sequitur
1095 1891 1318 1947 ingenium
1351 1894 1431 1934 aut
1464 1892 1781 1935 Eratosthenis

268 1976 435 2015 versus,
466 1977 554 2004 non
586 1961 819 2005 Varronis.

383 2102 477 2145 Iam
521 2102 575 2144 ad
621 2101 753 2144 finem
799 2101 1032 2159 progressi
1077 2116 1226 2145 sumus
1275 2103 1560 2159 comparandi
1605 2102 1781 2159 Vergili

265 2185 419 2214 versus
452 2184 551 2213 cum
573 2170 899 2228 exemplaribus
924 2170 1109 2214 Graecis
1141 2174 1189 2214 et
1208 2170 1384 2214 Latinis
1414 2175 1550 2228 atque
1572 2171 1781 2214 iudicium

264 2240 458 2284 faciendi
501 2239 556 2283 de
598 2239 797 2284 Macrobi
840 2240 1193 2297 scholiorumque
1235 2241 1554 2284 notationibus.
1627 2241 1781 2297 Atque

265 2309 340 2352 via
370 2308 506 2365 longa
537 2308 724 2366 quidem,
772 2308 849 2353 sed
878 2323 967 2353 non
997 2309 1162 2363 inutili,
1208 2313 1259 2352 ut
1291 2324 1435 2367 spero,
1480 2310 1777 2367 cognovimus,

264 2393 396 2435 quam
425 2394 516 2422 non
544 2378 653 2422 fides
686 2379 748 2422 sit
779 2379 981 2422 habenda
1012 2379 1191 2422 scholiis
1232 2382 1368 2436 atque
1398 2381 1597 2423 Macrobi
1628 2383 1780 2423 aucto-

263 2449 400 2501 ribus,
423 2463 519 2492 cum
540 2446 716 2491 modum
736 2446 1002 2492 imitationis
1020 2449 1312 2505 Vergilianae
1332 2449 1606 2493 immodestis
1629 2450 1778 2493 verbis

263 2519 514 2575 designent.
590 2517 788 2561 Macrobi
838 2518 1044 2561 collectio
1091 2532 1353 2575 quamquam
1400 2519 1457 2561 ad
1507 2519 1588 2562 hoc
1637 2519 1780 2575 ipsum

264 2588 436 2644 scripta
459 2589 548 2641 est,
579 2590 632 2630 ut
653 2601 785 2644 quam
807 2587 1021 2630 obnoxius
1054 2590 1175 2630 esset
1196 2587 1427 2644 Vergilius
1451 2590 1777 2646 exemplaribus

261 2657 663 2708 demonstraretur,
696 2661 845 2699 tamen
874 2655 994 2699 levia
1014 2658 1192 2699 tantum
1212 2657 1430 2713 protulit:
1463 2658 1509 2700 in
1541 2662 1776 2711 ,versuum‘

262 2739 445 2769 numero
477 2724 620 2767 multa
647 2723 940 2778 hemistichia,
971 2724 1207 2769 nonnullos
1237 2740 1376 2783 paene
1409 2727 1574 2771 solidos
1606 2727 1704 2783 (VI.
1740 2729 1777 2771 1.

261 2796 287 2850 ξ
316 2795 384 2838 23.
418 2797 442 2850 ξ
472 2795 556 2851 39),
602 2810 734 2837 unum
764 2797 911 2837 totum
941 2795 982 2850 (ξ
1012 2794 1103 2849 ⁶20),
1149 2796 1219 2837 cui
1249 2795 1335 2838 duo
1367 2796 1559 2839 addendi
1589 2800 1693 2840 sunt
1725 2812 1779 2840 ex

262 2864 442 2909 scholiis
474 2865 531 2922 (p.
566 2864 649 2907 178
679 2866 727 2908 et
758 2864 872 2918 181),
904 2865 1027 2909 totos
1060 2864 1180 2908 locos
1211 2880 1300 2909 non
1330 2865 1491 2910 attulit
1521 2866 1608 2910 nisi
1638 2866 1778 2911 libere
