2088 3268
822 150 878 192 43

95 278 168 309 res
198 278 227 308 a
246 263 472 307 Macrobio
503 264 659 307 afferri
690 263 903 320 collectas
926 265 1247 309 concedendum
1277 270 1347 308 est
1363 264 1428 321 4³).
1481 264 1610 318 Quod

96 334 154 379 ad
194 333 492 379 imitationem
535 334 843 392 Vergilianam
885 335 1077 390 attinet,
1123 338 1315 394 apparet
1356 334 1609 392 Vergilium

94 403 267 448 nullum
299 418 479 448 versum
508 403 800 448 transtulisse
830 404 1076 461 integrum,
1118 404 1399 449 hemistichia
1428 404 1611 460 integra

100 476 330 532 quattuor,
360 474 608 518 mutavisse
639 474 826 531 reliqua.

456 602 501 657 b)
546 601 612 645 de
641 601 792 645 locis
826 601 1239 659 amplioribus.

216 694 258 750 1)
291 693 519 751 Vergilius
553 694 803 751 Georgicon
833 699 967 753 poeta
998 695 1132 739 simili
1162 695 1209 738 in
1236 694 1490 739 condicione
1511 709 1610 738 ver-

96 764 286 807 sabatur
316 765 452 821 atque
483 763 740 818 Lucretius,
781 780 878 808 cum
919 765 1137 808 scriberet
1168 778 1346 807 carmen
1376 763 1431 806 de
1462 778 1612 806 rerum

95 834 272 875 natura.
334 832 448 875 Nam
488 835 539 875 ut
580 832 651 876 hic
691 834 857 890 primus
899 837 1034 891 poeta
1064 832 1254 876 Latinus
1285 832 1482 889 aliquam
1513 832 1612 875 doc-

95 901 263 944 trinam
308 900 657 959 philosophicam
704 902 906 945 versibus
950 902 1137 945 reddere
1180 903 1365 944 conatus
1409 904 1501 955 est,
1546 902 1613 944 ita

96 969 365 1014 Mantuanus
385 970 551 1029 primus
575 971 755 1029 scripsit
775 971 1194 1024 carmen'Latinum,
1218 986 1304 1029 quo
1325 986 1399 1014 res
1420 971 1611 1015 rusticas

96 1039 303 1083 laudibus
336 1041 531 1084 efferret.
593 1041 839 1099 Utriusque
879 1041 1058 1098 ingenio
1099 1040 1276 1085 eaedem
1306 1033 1612 1085 ‘difficultates

99 1111 363 1163 obstabant,
424 1125 609 1167 quarum
657 1112 848 1155 maxima
902 1113 1004 1155 erat
1059 1111 1140 1154 illa
1192 1110 1346 1168 ‚patrii
1397 1110 1613 1154 sermonis

96 1181 305 1235 egestas‘.
379 1180 532 1237 Atque
578 1184 852 1238 quantopere
896 1181 943 1223 in
990 1181 1071 1224 hac
1115 1195 1165 1224 re
1211 1179 1442 1236 Vergilius
1486 1180 1615 1237 quasi

99 1248 265 1291 socium
296 1263 343 1292 se
374 1263 469 1292 esse
500 1250 694 1292 senserit
724 1250 961 1304 Lucretio,
1002 1264 1056 1292 ex
1097 1249 1189 1292 illis
1220 1249 1329 1292 locis
1360 1249 1612 1305 intelleges,

100 1332 208 1375 quos
253 1318 430 1361 confert
474 1318 667 1362 Macrob.
700 1318 779 1362 VI.
812 1318 852 1361 2.
884 1319 924 1361 2.
971 1319 1030 1375 (g.
1064 1318 1153 1361 111.
1185 1318 1374 1375 289sqq.
1423 1338 1476 1355 =
1507 1318 1558 1361 L.
1576 1318 1612 1361 I.

98 1387 184 1430 922
195 1387 321 1444 sqq.).
382 1387 631 1431 Macrobius
661 1388 776 1431 hunc
805 1388 984 1444 Vergili
1014 1388 1158 1431 locum
1188 1388 1326 1431 habet
1355 1388 1402 1430 in
1431 1403 1615 1431 numero

100 1471 262 1510 eorum,
295 1456 370 1514 qui
402 1456 530 1510 ,unde
561 1457 745 1500 formati
775 1457 877 1510 sint,
910 1457 1036 1514 quasi
1066 1457 1122 1500 de
1145 1456 1322 1514 speculo
1345 1461 1614 1513 cognoscas‘.

100 1525 286 1570 Servius
317 1529 467 1570 autem
497 1526 607 1570 dicit
644 1526 702 1570 ad
732 1542 773 1570 v.
805 1526 910 1569 293:
962 1526 1048 1582 ,hic
1078 1533 1227 1570 autem
1258 1526 1415 1570 locus
1447 1529 1615 1570 totus

101 1596 164 1639 de
196 1596 472 1640 Lucretio
503 1596 842 1640 translatus
876 1598 973 1640 est‘.
1038 1595 1329 1640 Concedimus
1362 1596 1617 1653 Vergilium

99 1665 286 1709 Lucreti
315 1679 471 1708 versus
506 1665 732 1722 exemplar
763 1664 847 1708 sibi
877 1665 1102 1722 posuisse;
1144 1667 1279 1722 atque
1320 1680 1375 1708 ex
1416 1665 1471 1709 iis
1504 1680 1617 1722 quae

100 1749 238 1791 supra
267 1734 478 1788 diximus,
511 1736 622 1778 satis
652 1738 864 1791 apparet,
895 1749 973 1777 cur
1002 1733 1189 1777 Lucreti
1221 1749 1379 1778 versus
1410 1735 1615 1778 imitatus

100 1804 174 1847 sit.
234 1804 401 1847 Amore
433 1803 548 1846 enim
576 1803 730 1846 Musae
761 1817 866 1846 suae
886 1803 1183 1847 inflammatus
1204 1818 1294 1847 non
1323 1804 1467 1847 minus
1498 1803 1617 1848 diffi-

100 1873 230 1917 cilem
274 1889 369 1917 rem
414 1887 461 1917 se
509 1873 752 1929 suscepisse
803 1872 944 1916 sentit
988 1878 1123 1930 atque
1170 1873 1381 1930 superbia
1425 1873 1617 1930 quadam

100 1943 291 1986 affectus
315 1942 442 2000 quasi
470 1942 598 1985 iuxta
620 1944 796 1998 poetam
827 1941 954 1984 illum
982 1941 1160 1984 summis
1181 1941 1424 1985 honoribus
1446 1942 1617 1985 cultum

101 2026 149 2055 se
180 2012 318 2055 tollit.
380 2011 508 2065 Quod
552 2013 604 2054 ut
646 2010 790 2053 lector
831 2010 1083 2064 Romanus,
1128 2010 1204 2067 qui
1248 2010 1426 2067 quidem
1465 2011 1615 2054 studio

104 2082 316 2124 bonarum
346 2081 513 2124 artium
552 2095 598 2123 se
631 2080 848 2132 dedisset,
890 2082 1013 2123 certe
1044 2083 1349 2136 cognosceret,
1382 2080 1616 2136 Vergilius

101 2151 252 2195 verbis
285 2152 395 2195 bene
424 2150 611 2194 delectis
643 2152 690 2193 et
716 2149 836 2193 inter
866 2163 913 2193 se
945 2148 1191 2192 coniunctis
1223 2149 1409 2193 Lucreti
1440 2164 1617 2194 carmen

104 2220 146 2263 ei
189 2220 237 2263 in
277 2220 534 2264 memoriam
578 2232 791 2262 revocare
837 2217 1038 2260 debebat.
1099 2217 1197 2261 Hoc
1241 2225 1471 2261 assecutus
1518 2233 1615 2262 esse

101 2288 210 2331 mihi
253 2288 436 2333 videtur
477 2291 611 2346 poeta
649 2287 835 2330 maxime
873 2286 942 2329 his
974 2288 1130 2329 rebus:
1173 2287 1366 2343 primum
1405 2288 1523 2344 quod
1563 2291 1617 2331 ut

101 2357 341 2401 Lucretius
362 2357 452 2400 iam
472 2357 657 2409 fecerat,
676 2355 745 2398 his
762 2354 966 2397 versibus
987 2354 1207 2396 lectorum
1227 2355 1398 2398 animos
1414 2356 1614 2399 intentos

101 2427 239 2482 atque
267 2440 427 2482 magno
457 2439 606 2469 amore
636 2423 703 2467 rei
733 2422 1000 2466 tractandae
1020 2421 1223 2466 incensos
1254 2423 1312 2465 ad
1338 2438 1501 2468 novam
1520 2439 1614 2468 car-

100 2494 231 2538 minis
270 2498 447 2552 partem
490 2493 555 2537 et‘
579 2507 675 2536 eam
717 2491 1030 2548 gravissimam
1074 2506 1221 2534 secum
1263 2495 1448 2549 raptare
1490 2494 1613 2549 vult,

102 2563 261 2608 deinde
290 2567 391 2608 tota
420 2563 728 2608 coniunctione
758 2561 1101 2605 sententiarum:

220 2723 282 2766 43)
307 2720 502 2756 Addenda:
529 2731 560 2765 g.
586 2720 631 2754 ΙΙ.
661 2721 727 2754 140
751 2721 810 2763 (=
836 2728 867 2752 a.
896 2717 973 2751 V11.
999 2719 1084 2760 280)
1110 2717 1292 2762 spirantes
1318 2718 1470 2752 navibus
1496 2719 1614 2762 ignem

102 2786 155 2808 Ν
181 2779 222 2815 L.
250 2780 293 2815 V.
319 2782 396 2824 30.;
434 2790 466 2814 a.
493 2779 521 2813 Ι.
548 2780 593 2814 36
618 2783 805 2813 aeternum
831 2803 839 2811 .
862 2804 869 2811 .
896 2776 962 2811 sub
988 2780 1136 2820 pectore
1163 2775 1289 2811 volnus
1315 2793 1359 2806 =
1387 2777 1426 2811 L.
1454 2777 1500 2811 11.
1526 2779 1614 2820 6393

101 2850 133 2883 g.
160 2839 206 2874 IL
224 2841 294 2874 478
314 2845 367 2867 Ν
387 2839 426 2873 L.
454 2839 496 2872 V.
524 2840 624 2881 751.;
650 2848 679 2872 e.
703 2836 797 2871 VIII.
815 2838 859 2870 87
877 2839 918 2878 -ε-
934 2845 966 2870 a.
993 2835 1069 2869 VII.
1092 2837 1158 2869 108
1185 2851 1229 2864 =
1255 2835 1296 2869 L.
1315 2836 1359 2871 II.
1385 2838 1440 2871 30.
1457 2847 1487 2870 v.
1507 2847 1540 2879 p.
1557 2838 1614 2870 45.
