2088 3268
901 182 956 224 23

172 299 286 342 ictus
327 296 536 341 cadentes
577 299 624 341 et
664 299 848 354 pectora
888 295 1157 340 anhelantia.
1217 296 1419 353 Denique
1463 295 1680 353 quomodo

169 369 303 424 gesta
334 367 396 410 sit
423 382 507 419 res,
539 367 747 410 illustrat
775 369 922 424 poeta,
955 382 1054 410 cum
1074 366 1301 410 Entellum
1332 367 1386 410 ab
1418 364 1680 410 adversario

171 450 433 494 oppressum
463 439 692 493 comparet
723 450 819 479 cum
850 436 958 478 urbe
988 435 1062 478 vel
1091 450 1193 478 arce
1223 437 1278 478 ab
1309 436 1513 479 hostibus
1546 450 1680 492 oppu-

169 507 328 630 gnatz
360 573 403 616 S.
445 574 503 616 ad
541 588 580 616 a.
623 573 754 617 VIII.
803 573 869 616 19.
918 588 1138 627 ,curarum
1181 573 1371 616 fluctuat
1416 577 1568 616 aestu:
1610 573 1679 616 his

169 643 321 686 verbis
370 645 672 700 praeoccupat
719 643 1114 699 comparationem,
1166 657 1279 699 quae
1329 646 1400 685 est
1449 642 1682 699 Apollonii

170 713 400 756 verbum
440 712 506 755 ad
536 713 781 755 verbum‘
822 711 880 768 (v.
913 712 1082 754 22—25
1114 731 1166 748 =
1198 711 1312 769 Arg.
1345 711 1422 753 III
1452 711 1680 754 754—759

169 785 221 824 ut
250 781 433 825 Medeae
471 782 539 824 ita
570 782 747 825 Aeneae
786 781 955 825 animus
997 781 1215 824 sollicitus
1255 783 1544 837 comparatur
1584 795 1681 824 cum

169 851 334 894 lumine
365 850 487 905 solis,
520 851 637 908 quod
668 865 833 894 summa
861 865 976 907 aqua
1005 850 1159 894 mobili
1189 850 1247 893 ad
1275 852 1445 894 tectum
1467 850 1680 893 reiectum

168 921 253 963 huc
285 921 394 964 illuc
436 921 667 977 iactatur).
728 921 994 977 Apollonius
1037 920 1415 976 comparationem
1455 920 1524 963 ita
1552 920 1681 963 insti-

169 990 272 1043 tuit,
302 992 356 1033 ut
387 990 519 1044 dicat,
552 1006 649 1034 cum
680 991 777 1047 quis
818 990 866 1033 in
894 990 1075 1033 aedibus
1108 1004 1268 1046 aquam
1309 990 1356 1032 in
1385 989 1577 1032 lebetem
1608 989 1682 1032 vel

168 1059 291 1102 aliud
329 1075 408 1103 vas
449 1075 609 1103 novam
654 1060 856 1103 effundat
898 1061 978 1102 sub
1022 1059 1128 1102 solis
1173 1059 1338 1112 radiis,
1383 1058 1533 1102 lumen
1573 1059 1679 1102 solis

168 1129 251 1172 huc
292 1128 401 1172 illuc
438 1144 520 1186 per
561 1129 691 1172 aedes
739 1129 913 1172 iactari.
973 1128 1116 1181 Quam
1156 1128 1531 1185 comparationem
1575 1142 1680 1171 sane

168 1198 398 1255 Vergilius
431 1198 684 1254 assumpsit,
731 1198 809 1240 sed
851 1198 1041 1240 multum
1084 1199 1233 1250 abest,
1278 1201 1330 1240 ut
1377 1199 1576 1251 ,verbum
1624 1198 1681 1240 ad

167 1268 366 1310 verbum‘
400 1267 699 1324 Apolloniana
720 1266 936 1309 verterit:
968 1280 1108 1322 neque
1130 1266 1245 1309 enim
1265 1266 1446 1319 indicat,
1481 1267 1555 1323 qui
1585 1267 1679 1320 fiat,

167 1339 220 1379 ut
250 1351 365 1393 aqua
393 1338 642 1389 moveatur,
673 1351 831 1392 neque,
863 1335 938 1378 ubi
968 1349 1041 1378 res
1072 1337 1271 1391 geratur,
1304 1336 1425 1379 dicit.
1488 1335 1575 1380 Sed
1614 1336 1679 1393 ip-

168 1405 259 1449 sius
292 1405 469 1448 luminis
500 1405 740 1449 trementis
773 1404 1117 1461 descriptionem
1157 1406 1275 1447 omni
1303 1405 1431 1448 modo
1463 1420 1680 1448 exornare

168 1476 345 1519 studet:
393 1475 520 1518 addit
566 1475 681 1518 enim
724 1475 876 1518 Lunae
921 1474 1070 1518 lumen
1114 1474 1329 1518 reiectum
1377 1501 1425 1506 —
1474 1475 1520 1518 id
1564 1475 1680 1532 quod

167 1544 308 1601 magis
358 1546 429 1588 est
473 1544 648 1601 poetice
692 1543 997 1600 excogitatum
1044 1558 1174 1600 quam
1225 1545 1271 1586 in
1315 1547 1481 1587 natura
1532 1547 1680 1588 obser-

167 1616 320 1656 vatum
333 1613 385 1668 20)
416 1639 471 1644 ——
503 1615 638 1669 atque
669 1614 796 1656 vario
842 1613 970 1655 modo
1002 1613 1213 1656 describit
1243 1614 1391 1657 lumen
1420 1629 1501 1670 per
1531 1614 1682 1671 laque-

167 1683 264 1725 aria
295 1697 465 1726 errans.
528 1682 654 1725 Adeo
685 1682 827 1738 igitur
858 1697 947 1725 non
977 1684 1185 1725 accurate
1217 1682 1263 1738 (i.
1296 1698 1332 1726 e.
1366 1683 1436 1743 ‚ad
1466 1684 1681 1739 verbum‘)

168 1752 382 1808 Apolloni
420 1766 576 1795 versus
606 1752 763 1805 vertit,
807 1753 860 1793 ut
899 1752 976 1793 vix
1007 1751 1296 1807 Vergilianae
1338 1753 1680 1809 comporationis

167 1837 344 1866 causam
374 1821 509 1879 plane
539 1820 798 1877 intellegat,
830 1821 937 1878 quin
966 1820 1311 1878 Apollonianam
1342 1823 1533 1867 noverit.

282 1892 325 1947 5)
356 1905 393 1934 a.
426 1891 534 1933 XII.
567 1891 651 1933 749
668 1904 760 1947 sqq.
794 1890 989 1943 (Aeneas
1029 1891 1229 1933 Turnum
1259 1907 1526 1949 persequens
1569 1908 1681 1936 com-

167 1964 358 2018 paratur
401 1976 497 2003 cum
540 1975 645 2004 cane
689 1975 868 2003 cervum
910 1960 1127 2003 inclusum
1169 1962 1346 2019 assequi
1389 1962 1565 2006 frustra
1610 1978 1679 2006 co-

167 2030 335 2086 nante).

283 2100 326 2142 S.
359 2099 416 2142 ad
447 2116 486 2141 v.
519 2100 615 2141 749.
651 2099 936 2155 ‚comparatio
957 2098 1203 2156 Apollonii‘
1234 2099 1368 2157 (Arg.
1401 2101 1463 2144 II.
1496 2101 1602 2156 278>
1635 2105 1680 2145 et

168 2168 224 2212 ad
267 2184 308 2211 V.
352 2169 447 2211 754.
493 2168 552 2222 ‚hi
594 2168 679 2211 duo
722 2182 879 2211 versus
924 2170 1151 2211 verbum
1193 2170 1257 2213 ad
1297 2172 1529 2214 verbum
1576 2174 1681 2214 sunt

167 2238 385 2282 translati
417 2237 471 2281 de
500 2237 754 2295 Apollonio‘
786 2237 864 2293 (ib.
896 2253 937 2280 v.
971 2238 1056 2280 280
1068 2238 1167 2296 sq.>.

282 2333 339 2338 —-
368 2307 581 2364 Apolloni
623 2307 896 2363 comparatio
927 2307 1036 2351 haec
1066 2312 1158 2351 est:
1198 2313 1250 2352 ut
1280 2309 1507 2352 interdum
1549 2325 1678 2353 canes

169 2391 355 2435 capreas
387 2376 460 2420 vel
502 2391 656 2420 cervos
686 2376 1014 2434 investigantes
1045 2381 1234 2421 currunt
1276 2380 1324 2422 et
1354 2379 1584 2435 paululum
1613 2394 1679 2422 re-

168 2448 279 2490 moti
300 2447 477 2490 frustra
507 2446 663 2489 dentes
686 2446 916 2500 collidunt,
949 2447 1165 2506 sic-Zetes
1198 2454 1244 2491 et
1267 2448 1415 2492 Calais
1446 2449 1679 2492 admodum

168 2531 307 2573 prope
329 2516 606 2559 imminentes
628 2515 859 2573 Harpyias
891 2516 1103 2560 extremis
1123 2518 1325 2560 manibus
1353 2517 1529 2561 frustra
1549 2533 1678 2575 pren-

170 2587 343 2629 sabant.
423 2585 522 2638 Qua
565 2585 895 2642 comparatione
949 2585 1195 2641 Vergilium
1241 2602 1367 2629 usum
1413 2598 1511 2629 esse
1556 2590 1678 2631 recte

170 2656 458 2699 observatum
489 2658 574 2709 est,
608 2669 868 2712 quamquam
890 2654 1133 2698 exornandi
1163 2657 1209 2697 et
1239 2655 1430 2711 augendi
1452 2655 1677 2700 studiosus

287 2807 347 2851 20)
373 2806 407 2841 S.
435 2805 480 2841 ad
505 2819 536 2841 v.
564 2809 619 2842 23.
655 2807 809 2851 ‚Negant
834 2816 956 2841 omnes
981 2806 1122 2851 physici
1155 2806 1274 2841 lumen
1307 2807 1415 2841 lunae
1447 2807 1544 2841 aliud
1571 2818 1615 2842 ex
1641 2818 1679 2843 se

169 2864 322 2901 reddere
348 2868 384 2900 et
409 2865 637 2910 vituperatur
662 2866 729 2901 hoc
755 2864 850 2900 dicto
877 2864 1069 2909 Vergilius‘
1095 2874 1169 2907 eqs.
