2088 3268
884 206 938 249 63

157 315 515 370 Ovidius-(Fast.
547 316 609 359 ΙΙ.
641 319 726 361 418
770 321 830 371 ,et
858 319 991 374 fingit
1020 318 1173 374 lingua
1204 333 1393 375 corpora
1426 318 1530 361 bina
1561 318 1668 373 sua),

155 384 231 442 qui
262 385 308 427 in
338 383 522 442 reliquis
553 400 641 429 non
667 388 859 432 concinit
888 403 983 431 cum
1004 387 1223 444 Vergilio,
1256 387 1335 430 sed
1367 387 1501 431 habet
1533 388 1670 431 verba

154 455 388 496 coniuncta
419 457 553 510 atque
585 456 734 499 eodem
766 472 850 513 quo
888 458 1026 500 Ennis
1058 472 1214 500 versus
1246 457 1341 499 loco
1373 457 1523 513 posita
1555 471 1667 513 quae

155 525 259 566 sunt
291 523 409 580 ,lupa
438 522 547 567 feta‘
580 525 649 581 (=
684 526 737 568 A.
771 526 826 568 68
870 526 1012 583 ,lupus
1044 526 1210 570 femina
1240 526 1349 569 feta‘
1383 525 1500 583 quod
1531 526 1668 569 metri

155 595 202 636 et
232 593 563 636 consuetudinis
595 608 726 638 causa
755 595 976 653 mutavit).
1030 596 1221 638 Ennium
1247 610 1410 639 revera
1431 596 1667 639 rettulisse

153 662 207 705 de
236 662 393 719 lingua
422 663 645 707 lambente
675 665 962 709 confirmatur
992 666 1140 723 aliquo
1172 665 1300 709 modo
1335 665 1450 708 Fabi
1469 665 1665 708 Pictoris

153 732 407 789 fragmento
439 733 556 789 apud
586 733 716 777 Dion.
740 735 839 778 Hal.
861 736 897 777 I.
930 737 995 779 79.
1018 736 1045 778 6
1077 738 1279 779 servato:
1313 734 1383 777 καὶ
1414 740 1466 790 τῇ
1497 736 1667 790 γλώττῃ

153 802 230 844 τὸν
261 803 415 856 πηλόν,
449 800 501 845 οὗ
532 804 756 846 κατάπλεω
789 802 913 859 ἦσαν,
945 805 1169 860 ἀπελίχμα.

268 872 310 922 7)
342 871 533 915 Macrob.
556 872 636 915 VI.
669 874 706 915 2.
740 875 806 916 32.
855 873 982 928 ,Sunt
1016 874 1096 917 alii
1125 873 1209 917 loci
1243 873 1535 929 plurimorum
1567 889 1665 916 ver-

153 954 279 983 suum
318 955 426 998 quos
467 955 562 984 cum
602 956 840 999 paucorum
871 943 1180 986 immutatione
1212 944 1451 985 verborum
1483 957 1510 986 a
1541 944 1664 985 vete-

150 1011 272 1053 ribus
303 1011 546 1053 transtulit
557 1027 565 1065 3
607 1015 653 1055 et
685 1013 787 1069 quia
816 1013 997 1068 longum
1029 1015 1100 1055 est
1129 1014 1389 1055 numerosos
1422 1027 1579 1055 versus
1610 1027 1664 1054 ex

152 1082 339 1137 utroque
369 1081 679 1135 transcribere,
726 1082 865 1124 libros
896 1085 1075 1125 veteres
1105 1082 1284 1131 notabo,
1330 1083 1383 1123 ut
1423 1081 1499 1137 qui
1541 1081 1665 1123 volet

149 1149 244 1192 illic
273 1149 460 1205 legendo
492 1151 809 1207 aequalitatem
838 1151 1032 1193 locorum
1064 1150 1331 1193 conferendo
1363 1151 1626 1193 miretur...
1651 1184 1659 1192 .

149 1219 266 1262 Item
296 1218 350 1262 de
371 1218 574 1262 Pandaro
608 1223 653 1263 et
674 1220 797 1263 Bitia
818 1220 1120 1277 aperientibus
1152 1222 1307 1277 portas
1342 1219 1464 1263 locus
1497 1220 1556 1275 (a.
1579 1220 1661 1262 IX.

149 1289 232 1331 672
251 1289 366 1346 sqq>
411 1292 616 1345 acceptus
661 1294 730 1332 est
774 1305 827 1332 ex
865 1289 980 1332 libro
1013 1284 1167 1345 quinto
1200 1289 1366 1331 decimo
1399 1290 1537 1341 Enni,
1586 1290 1662 1346 qui

149 1358 325 1402 induxit
348 1359 525 1402 Histros
547 1359 656 1401 duos
686 1359 731 1401 in
755 1358 982 1402 obsidione
1006 1359 1203 1415 erupisse
1224 1366 1361 1415 porta
1393 1361 1440 1402 et
1461 1362 1660 1415 stragem

149 1427 202 1471 de
233 1429 461 1472 obsidente
491 1429 618 1472 hoste
650 1428 833 1472 fecisse‘.

262 1497 409 1540 Prima
451 1500 608 1551 verba,
655 1498 813 1555 quibus
855 1498 976 1541 locos
1010 1512 1120 1550 ,cum
1151 1512 1392 1554 paucorum
1425 1499 1660 1541 verborem

146 1567 465 1610 immutatione‘
498 1567 763 1611 tanstulisse
794 1567 973 1620 dicitur,
1004 1567 1117 1609 nihil
1147 1566 1300 1609 valere
1324 1567 1660 1611 demonstratur

147 1650 199 1678 ea
237 1651 306 1689 re,
353 1636 469 1693 quod
510 1641 694 1693 praeter
734 1637 925 1679 Ennium
968 1637 1104 1679 etiam
1144 1636 1344 1679 Naevius
1385 1637 1508 1680 inter
1552 1637 1660 1680 11300

146 1705 414 1762 exemplaria
457 1706 667 1758 affertur,
713 1706 835 1749 cuius
878 1721 1032 1749 versus
1074 1706 1304 1763 Vergilius
1353 1707 1526 1749 omnino
1572 1721 1659 1749 non

146 1790 253 1829 ,cum
293 1790 531 1833 paucorum
573 1777 811 1819 verborum
839 1775 1166 1819 immutatione‘
1211 1777 1464 1820 transferre
1495 1776 1657 1834 potuit,

146 1855 241 1887 011111
264 1845 464 1889 Saturnii
485 1848 648 1888 essent.
694 1845 784 1888 Illa
804 1846 946 1901 igitur
968 1848 1116 1896 verba,
1137 1846 1225 1889 nisi
1244 1847 1363 1889 forte
1385 1861 1413 1889 a
1432 1846 1658 1889 Macrobio

144 1916 241 1973 ipso
263 1915 417 1959 addita
436 1919 540 1959 sunt
561 1918 615 1958 ut
637 1916 682 1958 in
703 1915 942 1959 Pindarico
964 1916 1061 1959 1000
1084 1920 1141 1970 (v.
1165 1932 1198 1960 s.
1221 1932 1261 1974 p.
1286 1917 1337 1959 31
1353 1917 1448 1973 sq.)‚
1479 1916 1660 1960 fluxisse

144 1986 354 2028 videntur
384 2000 407 2027 e
437 1985 564 2027 fonte
594 1985 810 2041 primario
844 1985 1052 2033 Macrobi.
1097 1986 1214 2042 quod
1247 1987 1486 2029 statuimus
1518 1986 1659 2029 fuisse

145 2054 462 2097 obtrectatoris
498 2053 684 2097 alicuius
718 2054 945 2110 scriptum,
979 2069 1066 2097 non
1098 2069 1151 2097 ex
1181 2055 1289 2112 ipsis
1320 2054 1514 2108 scholiis,
1547 2068 1661 2111 quae

144 2123 375 2179 collegisse
405 2123 585 2165 videtur
615 2122 693 2166 ille
725 2124 1015 2166 obtrectator.
1075 2123 1172 2166 Hac
1212 2138 1263 2167 re
1294 2125 1478 2179 cognita
1509 2126 1661 2166 cetera

144 2193 265 2235 clara
307 2195 431 2234 sunt:
479 2192 649 2235 scilicet
681 2192 911 2248 Vergilius
954 2192 1065 2236 hanc
1107 2193 1161 2235 de
1192 2192 1403 2236 Pandaro
1446 2195 1494 2235 et
1534 2193 1660 2236 Bitia

143 2262 443 2305 narrationem
482 2276 569 2303 non
599 2261 692 2318 ipse
724 2261 918 2323 invenit,
966 2261 1041 2304 sed
1083 2261 1140 2305 ad
1171 2262 1400 2318 exemplar
1429 2262 1594 2305 Annal.
1630 2263 1657 2304 1.

142 2331 230 2374 XV
260 2331 402 2374 finxit.
465 2331 588 2387 Ergo
621 2331 718 2373 fere
749 2330 901 2373 eadem
931 2330 1170 2373 intercedit
1202 2331 1322 2374 ratio
1355 2332 1476 2374 inter
1507 2333 1658 2375 ambos

142 2403 297 2456 poetas
340 2403 475 2456 atque
517 2400 563 2442 in
604 2400 890 2457 pestilentiae
921 2399 1219 2456 descriptione
1251 2400 1371 2443 inter
1401 2401 1658 2444 Lucretium

143 2471 189 2513 et
210 2469 460 2525 Vergilium
493 2472 549 2522 (v.
575 2484 606 2512 s.
630 2484 671 2525 p.
694 2469 750 2511 48
762 2469 884 2525 sqq.).
932 2468 1084 2512 Etiam
1115 2471 1285 2526 quanta
1314 2469 1456 2513 fuerit
1486 2495 1540 2500 —
1571 2484 1659 2512 non

141 2540 186 2580 in
218 2539 432 2589 omnibus,
474 2541 524 2581 at
553 2541 674 2581 certe
703 2539 750 2581 in
780 2538 986 2594 partibus
1017 2538 1278 2594 quibusdam
1309 2564 1364 2569 —-
1397 2539 1657 2591 similitudo,

142 2607 379 2664 intellegas
421 2606 528 2651 licet
573 2622 627 2650 ex
656 2607 736 2650 illo
778 2607 874 2649 loco
917 2607 990 2663 (V.
1031 2622 1072 2649 v,
1114 2607 1344 2650 806—814
1375 2630 1426 2642 Ν
1457 2609 1514 2650 Α.
1554 2607 1656 2651 XV.

140 2678 220 2721 401
233 2692 340 2734 sqq.,
373 2676 566 2720 Macrob.
599 2676 682 2719 VI.
715 2677 753 2718 3.
788 2676 842 2732 1),
875 2676 929 2719 de
961 2690 1058 2733 quo,
1090 2691 1187 2719 cum
1218 2676 1403 2719 accedat
1433 2677 1659 2734 exemplar

139 2746 432 2809 Homericum,
462 2745 583 2789 infra
614 2760 794 2802 agemus
824 2761 867 2803 p.
891 2747 944 2787 77
958 2760 1044 2802 sq.;
1077 2745 1272 2789 fortasse
1307 2746 1444 2789 etiam
1476 2761 1499 2789 e
1524 2746 1655 2790 Servi
