2088 3268
901 140 956 183 33

167 260 412 303 liberatum
449 257 503 300 de
546 258 679 300 rebus
718 255 999 300 naturalibus
1041 258 1088 299 et
1127 256 1323 312 antiquis
1354 255 1507 299 Midae
1547 255 1690 297 inter-

173 326 356 385 roganti
385 326 715 384 disputavisse‘.
747 351 804 357 -—

288 396 413 441 Dicit
442 396 587 454 igitur
618 394 706 450 DS,
738 395 990 451 Vergilium
1022 395 1293 453 Theopompi
1323 394 1449 438 illam
1478 395 1534 439 de
1563 394 1690 438 Mida

173 467 374 511 fabulam
403 467 490 509 sibi
516 466 717 523 posuisse
749 465 988 522 exemplar,
1030 481 1127 508 cum
1165 466 1399 508 induceret
1431 465 1631 508 Silenum
1661 480 1689 507 a

171 536 320 594 pueris
362 536 496 580 sertis
537 535 736 579 vinctum
777 537 824 579 et
864 534 919 578 de
957 535 1108 577 mundi
1148 537 1254 578 ortu
1293 540 1538 578 canentem.
1600 533 1689 577 Sed

172 621 262 649 non
292 605 403 652 satis
425 604 657 662 probabile
687 608 758 648 est
780 604 1033 661 Vergilium
1062 604 1201 661 ipsius
1225 603 1498 660 Theopompi
1530 603 1687 658 ,Thau-

175 675 327 718 masia‘
360 674 625 729 attraxisse;
669 674 783 717 talia
820 674 908 717 iam
948 689 974 716 a
1002 674 1150 730 poetis
1181 673 1408 730 prioribus
1440 672 1689 728 composita

172 744 230 788 ad
251 743 505 801 Vergilium
527 743 702 787 venisse
722 743 899 787 credam
914 742 977 797 ²²⁹).
1026 743 1122 785 Hoc
1152 742 1328 799 quidem
1360 743 1540 784 constat
1570 741 1689 798 apud

174 813 428 870 Vergilium
466 813 620 856 fabula
661 812 742 855 illa
780 813 988 868 neglecta
1027 826 1167 868 paene
1200 811 1347 854 omnia
1376 811 1552 867 poetice
1581 811 1689 854 ficta

176 884 312 939 atque
341 897 454 926 nove
485 881 681 926 formata
711 896 820 925 esse.

287 951 458 995 Deinde
488 951 761 994 Pisandri
802 951 1028 994 cuiusdam
1066 954 1228 1007 poetae
1268 965 1376 1007 opus
1415 950 1630 993 laudatur
1662 966 1689 993 a

175 1021 398 1065 Macrobio
431 1021 503 1077 (V.
536 1021 574 1064 2.
606 1022 649 1076 4)
680 1020 904 1064 Aeneidos
935 1020 1041 1063 libri
1072 1020 1123 1063 II
1153 1020 1391 1075 exemplar.
1444 1019 1573 1064 Hanc
1593 1020 1688 1064 Ma-

170 1090 297 1133 crobi
316 1090 592 1132 notationem
623 1090 767 1133 videri
792 1090 1111 1145 interpolatam
1142 1104 1239 1132 esse
1269 1104 1350 1132 nec
1381 1089 1535 1132 deberi
1566 1090 1688 1133 fideli

172 1158 241 1202 illi
270 1159 457 1213 auctori,
499 1174 625 1216 quem
664 1159 709 1201 in
749 1158 917 1202 maiore
955 1162 1088 1216 parte
1119 1158 1226 1201 libri
1258 1158 1300 1201 V
1332 1158 1580 1203 Macrobius
1614 1174 1686 1203 ex-

173 1229 365 1286 scripsit,
408 1243 544 1285 supra
583 1229 888 1272 demonstrare
931 1229 1080 1271 conati
1120 1244 1268 1271 sumus
1313 1230 1369 1279 (v.
1404 1244 1446 1285 p.
1479 1229 1536 1284 7).
1598 1229 1687 1273 Sed

171 1299 316 1355 ipsum
345 1298 488 1341 locum
518 1298 770 1341 accuratius
800 1297 1107 1354 inspiciamus:
1161 1298 1468 1351 ,Dicturumne
1509 1314 1578 1341 me
1610 1314 1687 1355 pu-

177 1367 289 1410 tatis
313 1400 322 1409 .
346 1400 354 1408 .
379 1400 387 1409 .
410 1366 528 1423 quod
565 1367 838 1410 eversionem
871 1366 1034 1409 Troiae
1059 1400 1068 1408 .
1093 1399 1101 1407 .
1124 1380 1151 1409 a
1180 1366 1401 1409 Pisandro
1425 1400 1433 1408 .
1459 1401 1467 1408 .
1498 1367 1553 1410 ad
1585 1382 1685 1410 ver—

173 1438 277 1479 bum
321 1450 460 1492 paene
500 1435 859 1492 transcripserit,
906 1435 982 1492 qui
1027 1435 1192 1479 eminet
1236 1451 1477 1493 opere...,
1522 1437 1570 1479 in
1602 1452 1686 1494 quo

173 1520 308 1562 opere
331 1538 339 1548 .
360 1538 368 1548 .
391 1505 603 1549 interitus
638 1504 800 1548 Troiae
824 1538 832 1547 .
852 1538 860 1547 .
883 1504 1055 1548 relatus
1098 1507 1180 1558 est,
1225 1519 1337 1562 quae
1367 1505 1495 1549 Maro
1520 1539 1528 1548 .
1549 1539 1557 1548 .
1580 1506 1687 1550 fide-

170 1575 279 1618 liter
300 1574 639 1632 interpretando
660 1574 909 1618 fabricatus
939 1574 1023 1618 sibi
1054 1577 1126 1618 est
1145 1574 1308 1618 Iliacae
1339 1575 1462 1619 urbis
1484 1576 1685 1619 ruinam‘.

173 1644 294 1699 Ergo
333 1644 415 1697 bis,
461 1644 605 1701 qualis
647 1644 708 1686 sit
746 1643 924 1700 Vergili
965 1644 1184 1697 imitatio,
1228 1644 1492 1701 accipimus:
1533 1646 1687 1702 priore

170 1713 266 1756 loco
312 1713 563 1768 Vergilium
607 1712 813 1756 Pisandri
863 1713 1140 1756 eversionem
1192 1714 1263 1767 ,ad
1313 1715 1497 1757 verbum
1546 1729 1688 1772 paene

169 1781 519 1838 transcripsisse‘
551 1781 698 1824 altero
731 1781 941 1835 ,fideliter
971 1781 1325 1839 interpretatum
1356 1786 1466 1826 esse‘
1506 1783 1684 1827 dicitur.

171 1850 260 1894 Sed
290 1851 357 1893 bis
388 1851 469 1893 hoc
489 1865 745 1906 expressum
765 1851 989 1893 invenisse
1009 1851 1284 1894 Macrobium
1314 1852 1434 1908 apud
1458 1856 1686 1897 auctorem

171 1935 297 1964 suum
327 1945 383 1951 —
413 1922 548 1977 atque
579 1920 624 1962 id
654 1920 804 1963 verbis
834 1935 922 1962 non
952 1919 1068 1963 idem
1090 1920 1347 1965 valentibus
1382 1947 1431 1953 -—
1465 1937 1553 1966 non
1583 1938 1685 1981 pro-

171 1989 317 2033 babile
360 1992 448 2045 est;
494 1992 628 2047 atque
669 2004 765 2032 cum
803 1989 882 2033 illo
923 1990 1069 2034 altero
1111 1990 1235 2045 loco,
1275 1992 1352 2035 ubi
1390 1991 1444 2035 de
1486 1992 1684 2037 Pindaro

169 2059 334 2117 agitur,
366 2059 638 2103 Macrobium
668 2073 722 2101 ex
753 2073 830 2102 sua
860 2058 1044 2102 libidine
1075 2059 1302 2104 addidisse
1333 2063 1511 2106 constet
1550 2062 1608 2119 (v.
1641 2078 1683 2120 p.

170 2128 242 2185 32)
271 2130 411 2183 verba
442 2144 553 2186 quae
585 2131 708 2172 sunt:
761 2143 907 2178 ‚unum
938 2144 1045 2172 vero
1076 2129 1233 2184 locum,
1280 2146 1409 2187 quem
1440 2133 1685 2188 temptavit

169 2213 236 2241 ex
272 2199 512 2255 integro
550 2213 727 2255 paene
757 2199 1185 2253 transcribere,
1229 2200 1332 2244 volo
1365 2202 1683 2246 communicare

170 2267 422 2322 vobiscum‘,
454 2267 653 2312 dubitari
680 2282 769 2310 non
797 2269 961 2323 potest,
993 2268 1099 2325 quin
1131 2269 1269 2312 etiam
1299 2269 1382 2313 hoc
1410 2270 1507 2314 loco
1530 2271 1685 2327 priora

169 2338 308 2380 verba
338 2337 500 2380 similia
529 2337 685 2394 quibus
718 2337 787 2387 ,ad
818 2338 1001 2380 verbum
1031 2351 1173 2393 paene
1193 2340 1545 2396 transcripsisse‘
1569 2341 1684 2384 Ver—

167 2406 303 2462 gilius
334 2406 513 2459 dicitur,
547 2423 570 2451 e
600 2406 798 2450 Macrobi
827 2406 1004 2462 ingenio
1037 2409 1141 2450 orta
1172 2407 1264 2451 sint
1292 2423 1435 2465 neque
1465 2409 1533 2453 ita
1563 2410 1682 2467 quic-

100 2512 102 2515 .
168 2488 300 2532 quam
319 2475 516 2520 valeant.
564 2476 793 2520 Invenisse
822 2474 965 2532 igitur
986 2474 1168 2520 videtur
1189 2476 1440 2522 Macrobius
1474 2479 1555 2524 hoc
1585 2480 1682 2524 fere

166 2547 398 2589 notatum:
433 2546 690 2598 ‚Pisandrus
722 2546 842 2589 inter
865 2545 1061 2589 Graecos
1091 2550 1249 2602 poetas
1283 2548 1447 2592 eminet
1470 2565 1629 2606 opere.
1650 2568 1682 2606 .;

166 2613 214 2656 in
243 2628 328 2671 quo
360 2630 492 2673 opere
510 2650 546 2659 ..
569 2614 781 2659 interitus
804 2628 976 2672 quoque
1001 2614 1164 2658 Troiae
1184 2649 1217 2658 ..
1242 2616 1414 2660 relatus
1447 2620 1535 2673 est;
1569 2633 1682 2675 quae

168 2683 295 2727 Maro
341 2685 537 2729 fideliter
581 2684 922 2742 interpretando
970 2684 1218 2728 fabricatus
1271 2686 1357 2728 sibi
1402 2690 1472 2730 est
1517 2687 1683 2732 Iliacae

285 2832 345 2873 29)
372 2830 538 2875 Skutsch,
567 2835 640 2866 Aus
666 2831 808 2875 Vergils
834 2831 1006 2866 Fri'ihzeit
1033 2841 1065 2874 p.
1093 2832 1150 2866 29.
1200 2830 1274 2866 Leo
1301 2831 1422 2867 Herm.
1449 2835 1504 2867 37.
1532 2835 1587 2868 23.

1380 2891 1406 2934 3
