2088 3268
1102 168 1159 210 54

486 281 530 337 6)
562 280 603 336 (ἓ
635 280 708 337 23)
740 296 777 325 a.
811 281 893 325 VI.
926 281 1023 324 847.
1085 282 1238 326 Unus
1270 282 1345 340 qui
1375 282 1537 326 nobis
1569 282 1889 325 cunctando

1041 353 1328 397 restitues
1360 351 1445 408 <sic
1476 352 1679 408 Norden>
1708 366 1831 395 rem.

488 419 544 462 A.
577 420 675 463 370.
727 421 853 464 Unus
885 420 1015 465 homo
1046 422 1177 465 nobis
1208 421 1456 466 cunctando
1488 422 1695 466 restituit
1725 436 1832 465 rem.

487 489 639 534 Etiam
672 489 857 535 Servius
898 493 1053 534 notat:
1100 491 1189 545 ‚ille
1213 494 1301 550 ‘est
1341 492 1420 549 (sc.
1452 492 1661 548 Fabius),
1687 492 1761 536 -de
1804 506 1890 548 quo

371 559 439 603 ait
460 552 654 603 Ennius:
688 575 799 603 unus
831 560 908 616 qui
937 560 1065 604 nobis
1088 562 1335 606 cunctando
1355 562 1561 606 restituit
1583 564 1705 605 rem‘.
1756 561 1890 604 Falso

371 644 482 686 ergo
506 629 664 672 laudat
683 628 802 672 Enni
824 644 1023 683 versum;
1058 630 1193 673 etiam
1224 631 1342 687 apud
1362 631 1636 675 Macrobium
1656 630 1892 687 utriusque

371 706 533 756 poetae
576 713 731 742 versus
776 705 995 755 apparent
1042 700 1163 743 inter
1205 715 1252 743 se
1283 701 1540 753 similiores,
1587 716 1685 744 cum
1715 699 1894 756 Vergili

370 783 551 812 versum
582 768 723 811 faciat
752 767 981 811 finientem
1014 768 1235 812 clausula:
1270 771 1508 823 ,restituit
1538 773 1659 814 rem‘.
1721 769 1809 813 Sed
1839 783 1894 813 ex

371 840 537 896 optimo
574 839 702 882 fonte
733 839 963 882 fluxerunt
1006 841 1146 883 verba
1178 855 1290 897 quae
1326 843 1374 884 in
1404 842 1536 885 Servi
1579 840 1893 884 commentario

371 915 642 966 sequuntur:
678 910 847 961 ,scien
861 924 879 952 s
903 909 1019 952 enim
1041 909 1273 967 Vergilius
1295 912 1423 967 quasi
1453 926 1535 968 pro
1558 910 1758 967 exemplo
1781 909 1893 952 hunc

371 993 549 1021 versum
582 969 761 1034 posuit‘.

491 1047 566 1090 Ad
595 1047 676 1091 hos
710 1063 788 1091 sex
819 1063 978 1091 versus
1011 1048 1128 1105 apud
1150 1048 1423 1092 Macrobium
1445 1049 1656 1092 collectos
1678 1047 1895 1091 accedunt

372 1118 456 1160 duo
489 1117 581 1171 alii,
614 1117 1020 1174 quorumvalterum
1045 1118 1296 1161 Macrobius
1328 1119 1466 1162 affert
1495 1119 1543 1161 in
1573 1117 1663 1162 alia
1693 1133 1744 1162 re
1774 1120 1895 1160 trac-

369 1186 522 1240 tanda,
556 1187 750 1230 alterum
782 1190 912 1230 notat
945 1186 1141 1231 Servius.

487 1256 530 1311 7)
562 1256 772 1310 (Macrob.
807 1256 887 1299 VI.
910 1258 950 1298 4.
973 1256 1018 1310 4)
1050 1271 1089 1299 a.
1122 1257 1290 1299 11.782
1322 1258 1389 1313 <in
1412 1256 1606 1300 Creusae
1638 1255 1891 1310 vaticinio>z

488 1326 610 1368 inter
642 1325 789 1380 opima
820 1325 965 1367 virum
997 1325 1116 1367 leni
1145 1325 1290 1368 fluit
1321 1326 1543 1382 agmine
1574 1325 1786 1380 Thybris.

488 1394 544 1435 A.
580 1394 660 1436 173
703 1394 821 1450 quod
862 1409 944 1451 per
980 1409 1207 1437 amoenam
1244 1396 1396 1438 urbem
1436 1394 1528 1437 leni
1569 1393 1670 1437 fluit
1721 1393 1895 1449 agmine

372 1463 549 1505 flumen.

489 1531 619 1584 Quod
651 1531 705 1574 de
738 1531 894 1575 Tiberi
924 1547 1098 1589 quoque
1130 1532 1299 1576 Ennius
1332 1532 1516 1576 videtur
1546 1532 1724 1575 dixisse.

488 1602 532 1657 8)
554 1602 710 1645 a.VII.
729 1601 826 1644 622.
851 1601 994 1644 belli
1015 1602 1267 1645 ferratos
1289 1603 1460 1659 rumpit
1473 1602 1687 1645 Saturnia
1707 1601 1898 1658 postis.

490 1670 557 1713 S.:
591 1671 900 1727 acyrologiam
931 1671 1040 1714 fecit
1072 1671 1379 1715 commutando
1406 1671 1542 1714 Ennii
1562 1686 1760 1714 versum:
1794 1685 1902 1714 nam

373 1740 453 1785 ille
485 1740 573 1783 ait:
609 1740 730 1792 ‚belli
761 1741 962 1783 ferratos
995 1743 1149 1796 postes
1171 1750 1416 1797 portasque
1438 1740 1642 1796 refregit‘
1676 1740 1752 1797 <A.
1777 1741 1898 1796 271).

490 1810 663 1853 Deinde
693 1825 829 1852 unum
861 1825 1040 1853 versum
1072 1811 1207 1854 affert
1239 1810 1503 1864 Macrobius,
1548 1825 1632 1867 quo
1665 1810 1900 1867 Vergilius

370 1882 550 1923 certare
581 1879 763 1923 videtur
794 1894 891 1922 cum
923 1880 1082 1922 Ennio.

488 1952 532 2002 9)
565 1949 605 2005 (ξ
627 1949 700 2005 22)
723 1962 761 1992 a.
786 1948 917 1992 VIII.
942 1950 1038 1992 596.
1089 1949 1470 2006 Quadrupedante
1491 1951 1669 2005 putrem
1701 1950 1899 1993 sonitu

1157 2019 1354 2076 quatit
1382 2018 1597 2075 ungu⁸la
1628 2033 1839 2075 campum.

370 2090 427 2131 A.
461 2089 559 2130 224.
608 2088 861 2145 Explorant
885 2088 1124 2131 Numidae:
1157 2090 1303 2131 totum
1327 2078 1486 2145 'quatit
1515 2088 1685 2145 ungula
1715 2090 1896 2131 terram.

370 2158 427 2201 A.
461 2158 560 2201 277.
610 2157 933 2214 Consequitur:
967 2173 1134 2201 summo
1167 2158 1316 2201 sonitu
1347 2159 1497 2214 quatit
1525 2157 1694 2214 ungula
1715 2161 1898 2201 terram.

369 2228 427 2271 A.
461 2227 560 2270 439.
606 2228 655 2271 It
686 2241 820 2285 eques
854 2229 900 2271 et
929 2227 1091 2285 plausu
1121 2241 1232 2271 cava
1261 2227 1462 2271 concutit
1503 2227 1673 2284 ungula
1712 2230 1898 2271 terram.

487 2298 607 2340 Enni
629 2297 866 2353 praeclara
887 2297 1162 2354 exemplaria
1193 2297 1363 2339 duabus
1391 2297 1642 2340 rationibus
1669 2296 1897 2352 Vergilius

372 2382 391 2409 s
486 2369 532 2410 et
565 2381 797 2424 superare:
830 2367 877 2409 in
908 2366 994 2409 fine
1027 2366 1144 2410 enim
1172 2381 1256 2423 pro
1290 2368 1444 2418 ‚terra‘
1475 2366 1627 2422 posuit
1659 2370 1897 2422 ,campum‘,

360 2366 607 2554 Q
625 2436 762 2478 fuscis
784 2436 933 2478 literis
954 2435 1097 2492 magis
1121 2435 1163 2478 ei
1184 2434 1422 2477 videbatur
1441 2434 1602 2477 idonea
1623 2448 1730 2487 esse,
1762 2437 1897 2491 atque

370 2505 418 2547 in
448 2505 513 2548 im
540 2505 549 2513 ‘
611 2504 841 2561 ingeniose
880 2504 1056 2547 invenit
1087 2505 1238 2557 verba,
1280 2503 1649 2560 quadrupedante
1681 2506 1895 2559 putrem‘;

371 2574 531 2629 quibus
563 2574 713 2616 verbis
746 2576 977 2616 assecutus
1010 2578 1093 2627 est,
1126 2575 1178 2615 ut
1210 2572 1317 2615 solis
1351 2571 1548 2628 dactylis
1579 2574 1704 2615 totus
1738 2587 1896 2616 versus

372 2644 434 2686 sit
465 2644 736 2700 compositus
784 2647 920 2700 atque
962 2657 1175 2699 equorum
1218 2641 1495 2684 currentium
1525 2640 1756 2685 fremitum
1786 2643 1898 2686 bene

370 2713 594 2757 imitetur.
657 2712 786 2767 Quod
818 2712 1063 2769 diligenter
1094 2712 1236 2769 magis
1267 2711 1463 2755 excoluit
1494 2711 1583 2755 alio
1615 2712 1736 2755 loco:

487 2777 642 2825 a.‘X1.
685 2783 769 2825 875
813 2781 1269 2839 quadrupedumque
1313 2782 1493 2838 putrem
1536 2796 1706 2825 cursu
1748 2781 1899 2839 quatit

1427 2850 1596 2906 ungula
1625 2865 1836 2907 campum.
