2088 3268
837 137 890 179 41

111 252 165 296 cf.
197 266 235 295 a.
262 251 393 293 VIII.
411 251 468 293 30
500 254 745 308 ‚seramque
774 251 900 294 dedit
929 266 1009 308 per
1038 253 1234 294 membra
1264 251 1484 309 quietem‘.
1537 249 1621 292 Re-

110 322 232 379 liqua
261 320 565 372 hemistichia,
612 335 725 377 quae
766 321 905 364 affert
934 320 1184 364 Macrobius
1228 322 1274 363 in
1313 322 1364 376 §ss
1394 319 1565 362 25-28
1595 333 1622 360 a

110 389 313 446 Vergilio
345 389 493 446 aliquo
524 389 652 432 modo
682 389 918 432 immutata
948 394 1075 432 sunt:

225 459 268 514 6)
299 473 336 500 a.
367 458 448 501 IV.
489 459 574 500 584
626 459 688 501 Et
732 459 820 500 iam
869 459 1055 515 prima
1103 474 1245 502 novo
1300 459 1621 515 spargebat

109 528 321 571 lumine
351 529 563 571 terras.

225 597 274 639 L.
305 596 367 639 Π.
402 597 496 638 144.
538 596 734 639 Primum
775 610 938 639 aurora
967 612 1081 640 novo
1118 612 1215 640 cum
1247 596 1426 653 spargit
1455 594 1620 636 lumine

109 669 273 710 terras.

224 735 435 791 (Macrob.
488 737 511 790 ξ
542 736 597 777 25
651 749 746 777 cum
795 735 906 778 vitio
957 735 1217 792 prosodiae:
1272 749 1382 787 ,cum
1430 733 1620 789 primum

109 818 276 848 aurora
305 805 530 862 respergit
568 805 731 847 lumine
761 806 939 859 terras‘)
979 806 1036 848 cf.
1069 805 1196 848 Serv.
1229 804 1297 847 ad.
1331 819 1368 846 a.
1402 804 1481 845 IX.
1511 802 1620 844 459:

112 874 442 925 Lucretianum
474 876 570 917 est‘.

228 968 285 973 -
315 942 491 986 Summa
522 957 616 985 cum
650 945 751 986 arte
782 945 828 985 et
858 943 1095 999 diligentia
1115 942 1370 997 Vergilium
1400 940 1446 982 id
1477 940 1623 996 egisse

108 1015 263 1056 notum
308 1018 401 1065 est,
444 1015 497 1055 ut
537 1027 633 1055 cum
675 1013 763 1055 diei
805 1019 1050 1069 temporum
1081 1015 1178 1054 tum
1215 1011 1403 1054 maxime
1436 1009 1623 1052 orientis

113 1083 220 1126 solis
243 1082 584 1138 descriptionem
609 1085 850 1125 exornaret
880 1082 952 1138 (cf.
985 1082 1182 1133 Norden,
1213 1083 1326 1125 Aen.
1345 1080 1427 1122 VI.
1446 1095 1486 1136 p.
1503 1078 1619 1134 263).

111 1151 252 1205 Quam
293 1166 388 1194 cum
432 1166 604 1208 semper
644 1152 824 1194 variare
867 1154 913 1194 et
954 1152 1088 1194 aliam
1126 1151 1312 1194 reddere
1352 1149 1494 1192 vellet
1535 1163 1622 1190 non

108 1221 347 1274 miramur,
399 1220 515 1277 quod
559 1221 630 1263 hic
685 1221 777 1264 illic
827 1221 1017 1264 aliorum
1066 1224 1297 1280 poetarum
1348 1217 1622 1276 exemplaria

111 1290 321 1335 attraxit.
373 1290 534 1346 Itaque
562 1292 615 1331 ut
648 1290 821 1346 saepius
837 1290 1081 1332 Homerum
1101 1290 1302 1332 imitatus
1326 1303 1421 1331 esse
1442 1288 1624 1331 videtur

111 1360 166 1413 [a.
200 1359 282 1400 IV.
316 1360 399 1400 129
449 1359 519 1412 (=
552 1359 635 1400 XI.
672 1359 723 1413 1).
775 1359 883 1400 VII.
916 1362 980 1400 25.
1031 1359 1161 1401 VIII.
1194 1360 1260 1400 97.
1321 1359 1400 1400 VI.
1432 1359 1517 1400 535
1546 1357 1621 1410 al.]

114 1426 189 1469 vel
229 1428 385 1483 poetas
429 1426 614 1469 Latinos
664 1430 718 1480 (a.
753 1426 859 1468 XII.
894 1427 976 1469 113
1015 1426 1243 1483 lucemque
1275 1426 1407 1469 elatis
1439 1425 1622 1469 naribus

117 1496 275 1538 efflant
305 1516 357 1531 =
389 1496 502 1538 Enn.
534 1497 590 1538 A.
622 1497 726 1550 600;
759 1511 797 1539 a.
833 1497 913 1539 VI.
947 1498 1030 1539 255
1070 1511 1168 1539 ecce
1199 1500 1349 1539 autem
1378 1496 1511 1552 primi
1541 1496 1620 1537 sub

107 1566 262 1608 limina
306 1565 412 1609 solis
453 1568 500 1608 et
539 1568 666 1608 ortus
694 1583 746 1603 m
774 1565 938 1609 Catull.
980 1566 1047 1609 63.
1064 1567 1148 1608 271
1182 1581 1360 1619 ‚aurora
1391 1565 1624 1609 exoriente

107 1635 213 1692 vagi
245 1635 325 1678 sub
355 1634 508 1678 limina
539 1634 670 1678 solis‘.
714 1651 754 1678 V.
787 1634 969 1678 Norden
1000 1635 1113 1678 Aen.
1146 1634 1267 1689 VL),
1309 1635 1377 1677 ita
1414 1634 1497 1677 hoc
1527 1634 1623 1677 loco

108 1705 341 1761 coniungit
382 1704 564 1747 Lucreti
610 1710 655 1747 et
699 1705 808 1747 Furi
851 1705 909 1760 (v.
954 1705 1146 1748 Macrob.
1179 1705 1262 1748 VI.
1297 1705 1421 1758 1.31)
1465 1719 1622 1747 versus

107 1774 240 1817 valde
258 1763 478 1817 mutatos.
538 1774 674 1830 Apud
704 1774 964 1817 Lucretium
995 1775 1112 1817 actio
1145 1774 1343 1827 cottidie,
1376 1774 1494 1829 apud
1512 1773 1622 1816 Ver-

105 1842 259 1900 gilium
303 1842 437 1886 semel
489 1842 612 1886 facta
663 1842 943 1885 describitur.
1006 1843 1115 1885 Furi
1156 1857 1337 1886 versum
1378 1843 1416 1885 si
1446 1842 1623 1899 quidem

105 1926 266 1955 revera
297 1913 405 1955 ante
436 1911 584 1955 oculos
606 1912 765 1955 habuit
792 1927 935 1969 neque
956 1914 1146 1969 uterque
1178 1913 1235 1955 ad
1256 1913 1374 1955 Enni
1395 1912 1622 1968 exemplar

105 1981 248 2035 redit,
290 1981 459 2025 duobus
492 1982 696 2025 versibus
735 1982 981 2025 Homericis
1016 1981 1246 2038 Vergilius
1279 1982 1462 2026 videtur
1493 1997 1622 2025 exor-

105 2050 307 2104 navisse;
340 2050 503 2093 Furius
525 2050 640 2093 enim
662 2051 928 2107 scripserat:
963 2051 1151 2104 ,interea
1167 2051 1332 2094 Oceani
1353 2052 1620 2108 linquens

104 2119 338 2162 Aurora
369 2119 582 2174 cubile;
626 2119 857 2176 Vergilius
898 2119 1031 2163 fecit:
1077 2119 1277 2174 ‚Tithoni
1307 2135 1507 2164 croceum
1537 2120 1620 2163 lin-

106 2203 245 2246 quens
277 2190 457 2231 Aurora
488 2188 658 2241 cubile‘‚
699 2203 883 2245 quocum
923 2189 1125 2232 conferas
1156 2189 1344 2232 Homeri
1374 2206 1407 2232 ε.
1443 2193 1478 2232 1.
1511 2191 1620 2239 Ἠὼς

105 2259 143 2301 δ’
176 2259 223 2301 ἐκ
254 2258 414 2314 λεχέων
454 2258 550 2311 παρ’
590 2258 757 2312 ἀγαυοῦ
794 2261 1015 2301 Τιθωνοῖο
1048 2259 1228 2313 ὤρνυθ’.
1271 2262 1318 2303 et
1348 2263 1397 2303 Θ.
1434 2260 1471 2302 1.
1509 2259 1621 2310 Ἠὼς

104 2327 185 2383 μὲν
230 2331 531 2382 κροκόπεπλος
577 2329 777 2371 ἐκίδνατο
823 2335 967 2371 πᾶσαν
1014 2328 1076 2371 ἐπ’
1122 2326 1236 2372 αἶαν.
1308 2329 1432 2374 Haec
1474 2330 1620 2374 omnia

106 2398 238 2441 unius
268 2398 355 2441 loci
386 2397 658 2455 exemplaria
687 2399 906 2440 notantur
938 2397 1131 2441 diversis
1163 2399 1294 2442 locis:
1329 2400 1514 2442 Servius
1546 2400 1620 2456 (ad

104 2481 143 2509 a.
176 2468 258 2510 ΙΧ.
275 2468 376 2521 459)
408 2470 455 2510 et
486 2467 677 2510 Macrob.
702 2467 780 2512 VI.
813 2470 848 2509 l.
872 2467 926 2509 25
957 2467 1229 2518 Lucretium,
1262 2469 1398 2511 Macr.
1425 2469 1533 2512 V.6.
1551 2470 1617 2512 15.

104 2538 152 2580 et
180 2536 262 2579 IX.
298 2537 348 2579 11
380 2536 646 2589 Homerum,
677 2536 867 2578 Macrob.
901 2536 982 2577 VI.
1018 2537 1054 2577 1.
1088 2536 1155 2579 31.
1188 2537 1374 2579 Furium
1404 2539 1617 2581 afferunt.

219 2606 264 2662 7)
295 2607 334 2662 (ς’
367 2607 438 2661 26)
469 2621 510 2662 g.
544 2607 579 2648 Ι.
613 2606 708 2648 367.
753 2605 1128 2648 Flammarum
1171 2606 1376 2662 longos
1417 2623 1443 2649 a
1485 2610 1617 2663 tergo

104 2674 329 2720 albescere
360 2675 607 2733 (involvere
639 2675 793 2731 Macr.)
824 2677 1076 2719 tractus.

220 2745 364 2788 L.11.
396 2746 495 2789 207.
554 2745 712 2788 Nonne
757 2745 880 2788 vides
931 2746 1089 2801 longos
1139 2746 1414 2788 flammarum
1459 2748 1618 2790 ducere

102 2818 287 2860 tractus.
