2088 3268
921 142 974 184 19

181 254 300 312 quod
329 255 383 299 de
414 258 512 299 toto
543 255 660 299 libro
683 255 793 299 dicit
812 255 1008 309 Servius,
1041 270 1202 300 revera
1227 256 1283 300 ad
1305 272 1491 313 parvam
1521 262 1697 315 partem

182 327 263 381 (ca.
296 325 378 368 143
409 325 501 382 vv.)
530 325 744 383 pertinet.
806 324 893 369 Sed
930 324 1002 368 hic
1040 328 1094 369 ut
1122 325 1223 369 aliis
1253 326 1362 370 locis
1396 329 1694 377 observamus,

182 394 397 451 quomodo
414 395 656 451 Vergilius,
689 408 953 450 quamquam
971 396 1249 438 narrationis
1282 396 1410 451 origo
1442 397 1500 439 ad
1514 396 1698 440 Homeri

183 478 360 508 carmen
390 463 642 507 reducenda
672 466 753 516 est,
786 466 994 507 eventum
1024 479 1187 508 novum
1218 464 1386 521 fingat:
1417 480 1519 509 nam
1540 465 1697 509 Ulixes

184 537 231 578 et
261 533 497 577 Diomedes
530 533 646 590 quod
676 533 836 576 volunt
866 537 1176 591 assequuntur,
1208 534 1439 591 Euryalus
1470 539 1620 579 autem
1652 538 1699 579 et

183 604 319 647 Nisus
352 603 549 646 amicitia
579 603 802 646 coniuncti
831 607 1032 659 pereunt.

299 696 343 751 4)
361 696 641 738 Postremum
656 696 936 752 inspiciamus
953 697 1097 739 locum
1113 697 1219 739 libri
1234 697 1332 739 XII
1342 714 1350 739 ε
1375 698 1450 740 ubi
1467 697 1524 740 ad
1540 713 1581 740 v.
1602 698 1697 739 116.

187 764 254 809 S.:
304 767 440 818 ,totus
483 764 552 807 hic
595 765 648 807 de
680 763 932 808 foederibus
973 765 1094 808 locus
1137 765 1191 808 de
1220 766 1415 809 Homero
1447 766 1698 809 translatus

185 838 267 887 est,
298 835 375 877 ubi
396 835 654 878 Alexander
687 836 816 877 Paris
846 850 942 877 cum
972 835 1174 878 Menelao
1206 836 1425 891 singulari
1457 839 1527 878 est
1558 838 1699 878 certa-

184 904 301 1015 Hgne
332 903 637 947 dimicaturus‘
669 904 736 961 <Γ.
760 905 843 947 302
863 905 990 963 sqq.>.
1043 904 1110 948 Cf.
1134 904 1178 948 S.
1210 904 1268 948 ad
1298 920 1338 948 v.
1367 905 1460 947 170.
1495 905 1590 947 212.
1624 904 1698 946 DS

186 989 210 1015 a
272 990 312 1015 v.
347 975 441 1015 176.

301 1055 355 1098 In
396 1055 579 1099 Homeri
618 1057 808 1100 carmine
848 1055 1061 1100 sacrificio
1105 1057 1265 1113 parato
1297 1055 1573 1112 Agamemno
1618 1069 1699 1111 per

187 1125 336 1179 solem,
357 1125 444 1181 qui
475 1125 620 1168 omnia
650 1126 804 1169 videat
834 1128 881 1168 et
910 1125 1086 1179 audiat,
1119 1140 1201 1182 per
1232 1125 1414 1167 flumina
1443 1128 1699 1181 terramque

187 1198 233 1238 et
265 1194 370 1237 deos
402 1194 505 1236 Orci
535 1195 659 1237 iurat
674 1194 933 1238 Alexandro
965 1195 1140 1237 victore
1158 1194 1353 1236 Achivos
1387 1194 1562 1237 domum
1584 1195 1698 1238 redi-

188 1266 316 1307 turos
348 1263 648 1320 Helenamque
680 1266 727 1306 et
758 1264 903 1306 omnia
934 1265 1050 1306 bona
1080 1262 1316 1306 relicturos
1349 1278 1465 1317 esse;
1497 1263 1698 1307 Menelao

189 1335 338 1376 autem
368 1333 541 1375 victore
571 1332 786 1376 Helenam
817 1333 1047 1389 omniaque
1089 1334 1205 1374 bona
1235 1332 1357 1374 tradi
1393 1333 1700 1388 tributumque

189 1402 374 1444 Achivis
408 1402 507 1444 dari
546 1403 758 1459 poposcit.
824 1402 996 1444 Deinde
1037 1401 1254 1444 sacrificio
1294 1400 1536 1444 haedorum
1578 1402 1698 1445 facto

189 1461 379 1527 vinoque
418 1470 559 1514 libato
604 1474 837 1528 postquam
875 1470 1081 1513 Priamus
1124 1484 1170 1513 se
1216 1471 1409 1526 recepit,
1455 1470 1625 1513 Hector
1656 1473 1702 1513 et

189 1540 345 1582 Ulixes
376 1539 520 1582 locum
551 1540 804 1583 certaminis
836 1540 1023 1583 dimensi
1054 1540 1320 1583 sortiuntur.

303 1620 437 1678 Apud
468 1620 718 1677 Vergilium
750 1636 825 1664 sue
869 1623 915 1663 et
945 1620 1117 1664 bidenti
1147 1620 1387 1664 immolatis
1424 1620 1549 1677 prior
1579 1620 1703 1664 iurat

190 1690 365 1733 Aeneas
397 1690 505 1733 item
535 1694 669 1747 atque
702 1691 973 1747 Agamemno
1015 1690 1079 1746 (Γ.
1112 1690 1197 1730 276
1216 1690 1327 1746 sqq.)
1348 1690 1447 1746 'per
1489 1690 1625 1732 solem
1657 1693 1703 1732 et

191 1764 360 1803 terram
390 1765 436 1803 et
466 1761 614 1803 fontes
644 1761 889 1816 fluviosque
920 1763 1174 1815 (praeterea
1203 1775 1284 1816 per
1315 1760 1468 1803 Iovem
1489 1760 1703 1804 Iunonem

190 1828 409 1886 Martem).
471 1828 660 1873 Necesse
692 1829 763 1871 est
792 1827 1069 1872 condiciones
1096 1828 1292 1871 foederis
1326 1828 1435 1871 alias
1468 1842 1564 1870 esse
1586 1829 1702 1884 apud

191 1901 451 1950 Homerum,
498 1899 609 1940 alias
649 1899 767 1953 apud
796 1899 1070 1952 Vergilium,
1118 1900 1195 1940 sed
1237 1899 1445 1940 similiter
1483 1898 1703 1941 formatae

192 1968 306 2013 sunt.
357 1965 529 2011 Deinde
557 1965 748 2011 Latinus
780 1966 972 2011 testibus
1005 1966 1223 2010 invocatis
1256 1967 1397 2020 terra,
1429 1965 1556 2020 mari,
1590 1965 1703 2009 side-

192 2039 335 2090 ribus,
368 2037 579 2091 Apolline
610 2040 656 2079 et
686 2037 853 2088 Diana,
886 2038 1017 2089 lano,
1060 2037 1174 2079 Orco
1206 2037 1361 2079 foedus
1395 2037 1626 2078 confirmat
1658 2042 1703 2078 et

191 2105 495 2151 iusiurandum
524 2105 636 2150 facit
666 2122 746 2164 per
778 2107 1002 2164 sceptrum
1033 2120 1172 2149 suum.

305 2188 373 2230 De
403 2188 654 2231 imitatione
684 2203 771 2230 non
800 2191 953 2244 potest
984 2188 1196 2230 dubitari.
1249 2187 1316 2230 Cf.
1340 2187 1416 2230 DS
1448 2187 1505 2228 ad
1535 2203 1576 2229 v.
1602 2188 1701 2228 176:

193 2273 311 2310 ‚sane
342 2258 468 2300 iuxta
485 2257 767 2300 Homericum
797 2256 954 2300 foedus
977 2257 1047 2300 hic
1076 2256 1248 2299 inducit
1278 2255 1397 2299 fieri:
1430 2270 1530 2298 nam
1560 2257 1613 2298 ut
1643 2255 1704 2297 ibi

192 2326 417 2379 Priamus,
469 2325 537 2368 ita
581 2324 652 2368 hic
691 2318 901 2378 Latinus;
955 2328 1010 2368 ut
1048 2325 1119 2367 hic
1149 2326 1338 2377 Aeneas,
1383 2325 1449 2368 ita
1490 2325 1552 2366 ibi
1582 2324 1705 2378 Aga-

192 2398 417 2439 memnon‘.
480 2394 547 2437 Cf.
582 2394 718 2437 etiam
750 2394 793 2437 S.
837 2395 894 2437 ad
933 2411 973 2436 v.
1006 2396 1125 2437 212:
1174 2395 1387 2448 ,Turnum
1417 2409 1504 2436 non
1534 2393 1706 2435 inducit

192 2466 413 2510 iurantem
447 2498 484 2507 ..
509 2498 518 2506 .
551 2466 598 2507 et
628 2463 830 2507 imitatus
863 2466 932 2507 est
952 2464 1210 2517 Homerum,
1242 2464 1318 2521 qui
1349 2466 1452 2520 post
1482 2463 1704 2505 iusiuran-

193 2536 296 2579 dum
324 2534 516 2577 Menelai
545 2532 852 2576 Alexandrum
883 2534 1011 2590 quasi
1040 2533 1260 2577 fervidum
1299 2537 1346 2576 et
1377 2532 1705 2575 adulescentem

192 2603 364 2647 inducit
395 2602 620 2646 exclusum
641 2607 687 2645 et
706 2601 934 2645 Priamum
965 2602 1214 2645 adhibitum
1245 2601 1302 2645 ad
1333 2601 1526 2644 foederis
1549 2601 1705 2643 confir-

193 2674 458 2716 mationem‘.

310 2781 362 2787 —
397 2753 519 2808 Quae
548 2748 669 2797 recte
702 2753 942 2797 observata
981 2752 1310 2805 demonstrant,
1359 2754 1525 2810 quanto
1558 2751 1705 2795 studio

193 2826 317 2869 issam
348 2823 643 2866 imitationem
672 2823 896 2878 persecuti
927 2823 1017 2865 sint
1060 2825 1237 2865 veteres
1270 2823 1556 2877 interpretes.
1620 2821 1707 2863 Sed

1370 2891 1431 2932 2*
