<?xml version="1.0" encoding="UTF-8"?>
<!DOCTYPE html PUBLIC "-//W3C//DTD XHTML 1.0 Transitional//EN"
    "http://www.w3.org/TR/xhtml1/DTD/xhtml1-transitional.dtd">
<html xmlns="http://www.w3.org/1999/xhtml" xml:lang="en" lang="en">
 <head>
  <title>
</title>
<meta http-equiv="Content-Type" content="text/html;charset=utf-8" />
  <meta name='ocr-system' content='tesseract 3.04.00' />
  <meta name='ocr-capabilities' content='ocr_page ocr_carea ocr_par ocr_line ocrx_word'/>
</head>
<body>
  <div class='ocr_page' id='page_1' title='image "4737831_0040.png"; bbox 0 0 2088 3268; ppageno 0'>
   <div class='ocr_carea' id='block_1_1' title="bbox 882 137 934 180">
    <p class='ocr_par' dir='ltr' id='par_1_1' title="bbox 882 137 934 180">
     <span class='ocr_line' id='line_1_1' title="bbox 882 137 934 180; baseline -0.019 0"><span class='ocrx_word' id='word_1_1' title='bbox 882 137 934 180; x_wconf 84' lang='lat'>31</span> 
     </span>
    </p>
   </div>
   <div class='ocr_carea' id='block_1_2' title="bbox 152 251 1671 1969">
    <p class='ocr_par' dir='ltr' id='par_1_2' title="bbox 152 251 1669 1418">
     <span class='ocr_line' id='line_1_2' title="bbox 154 251 1668 309; baseline 0 -13"><span class='ocrx_word' id='word_1_2' title='bbox 154 251 497 296; x_wconf 87' lang='lat' dir='ltr'>commentarius</span> <span class='ocrx_word' id='word_1_3' title='bbox 546 252 603 295; x_wconf 89' lang='lat' dir='ltr'>ad</span> <span class='ocrx_word' id='word_1_4' title='bbox 641 267 684 309; x_wconf 86' lang='lat' dir='ltr'>g.</span> <span class='ocrx_word' id='word_1_5' title='bbox 715 252 752 295; x_wconf 92' lang='lat' dir='ltr'>I.</span> <span class='ocrx_word' id='word_1_6' title='bbox 784 252 880 295; x_wconf 82' lang='lat'><strong>233.</strong></span> <span class='ocrx_word' id='word_1_7' title='bbox 922 268 964 309; x_wconf 88' lang='lat' dir='ltr'>p.</span> <span class='ocrx_word' id='word_1_8' title='bbox 996 253 1092 296; x_wconf 83' lang='lat'><strong>364.</strong></span> <span class='ocrx_word' id='word_1_9' title='bbox 1137 254 1173 296; x_wconf 90' lang='lat'>1.</span> <span class='ocrx_word' id='word_1_10' title='bbox 1204 253 1306 296; x_wconf 85' lang='lat' dir='ltr'>Th.:</span> <span class='ocrx_word' id='word_1_11' title='bbox 1354 254 1479 308; x_wconf 81' lang='lat' dir='ltr'>‚hanc</span> <span class='ocrx_word' id='word_1_12' title='bbox 1516 256 1668 297; x_wconf 85' lang='lat' dir='ltr'>tamen</span> 
     </span>
     <span class='ocr_line' id='line_1_3' title="bbox 154 321 1666 379; baseline 0 -14"><span class='ocrx_word' id='word_1_13' title='bbox 154 322 407 365; x_wconf 81' lang='lat' dir='ltr'>universam</span> <span class='ocrx_word' id='word_1_14' title='bbox 428 321 778 378; x_wconf 86' lang='lat' dir='ltr'>disputationem</span> <span class='ocrx_word' id='word_1_15' title='bbox 809 324 981 365; x_wconf 90' lang='lat' dir='ltr'>certum</span> <span class='ocrx_word' id='word_1_16' title='bbox 1013 328 1082 366; x_wconf 91' lang='lat' dir='ltr'>est</span> <span class='ocrx_word' id='word_1_17' title='bbox 1103 322 1353 379; x_wconf 85' lang='lat' dir='ltr'>Vergilium</span> <span class='ocrx_word' id='word_1_18' title='bbox 1374 323 1666 366; x_wconf 71' lang='lat' dir='ltr'>transtulisse</span> 
     </span>
     <span class='ocr_line' id='line_1_4' title="bbox 154 389 1667 449; baseline 0 -15"><span class='ocrx_word' id='word_1_19' title='bbox 154 391 208 434; x_wconf 88' lang='lat' dir='ltr'>ab</span> <span class='ocrx_word' id='word_1_20' title='bbox 234 389 553 444; x_wconf 77' lang='lat' dir='ltr'>Eratosthene,</span> <span class='ocrx_word' id='word_1_21' title='bbox 576 391 698 434; x_wconf 90' lang='lat' dir='ltr'>cuius</span> <span class='ocrx_word' id='word_1_22' title='bbox 719 390 833 433; x_wconf 93' lang='lat' dir='ltr'>liber</span> <span class='ocrx_word' id='word_1_23' title='bbox 853 393 921 434; x_wconf 88' lang='lat' dir='ltr'>est</span> <span class='ocrx_word' id='word_1_24' title='bbox 941 391 1211 435; x_wconf 76' lang='lat' dir='ltr'>hexametris</span> <span class='ocrx_word' id='word_1_25' title='bbox 1233 392 1437 435; x_wconf 85' lang='lat' dir='ltr'>versibus</span> <span class='ocrx_word' id='word_1_26' title='bbox 1460 391 1667 449; x_wconf 86' lang='lat' dir='ltr'>scriptus,</span> 
     </span>
     <span class='ocr_line' id='line_1_5' title="bbox 153 459 1668 519; baseline 0.001 -17"><span class='ocrx_word' id='word_1_27' title='bbox 153 459 229 517; x_wconf 87' lang='lat' dir='ltr'>qui</span> <span class='ocrx_word' id='word_1_28' title='bbox 249 459 437 503; x_wconf 89' lang='lat' dir='ltr'>Hermes</span> <span class='ocrx_word' id='word_1_29' title='bbox 467 460 753 515; x_wconf 85' lang='lat' dir='ltr'>inscribitur;</span> <span class='ocrx_word' id='word_1_30' title='bbox 786 460 908 504; x_wconf 92' lang='lat' dir='ltr'>cuius</span> <span class='ocrx_word' id='word_1_31' title='bbox 939 461 1254 518; x_wconf 85' lang='lat' dir='ltr'>disputationis</span> <span class='ocrx_word' id='word_1_32' title='bbox 1285 461 1377 505; x_wconf 88' lang='lat' dir='ltr'>tale</span> <span class='ocrx_word' id='word_1_33' title='bbox 1398 461 1668 519; x_wconf 88' lang='lat' dir='ltr'>principium</span> 
     </span>
     <span class='ocr_line' id='line_1_6' title="bbox 155 529 1669 586; baseline -0.001 -13"><span class='ocrx_word' id='word_1_34' title='bbox 155 532 246 573; x_wconf 87' lang='lat' dir='ltr'>est:</span> <span class='ocrx_word' id='word_1_35' title='bbox 301 529 442 572; x_wconf 84' lang='grc' dir='ltr'><strong><em>Πέντε</em></strong></span> <span class='ocrx_word' id='word_1_36' title='bbox 483 531 534 572; x_wconf 83' lang='grc' dir='ltr'>δέ</span> <span class='ocrx_word' id='word_1_37' title='bbox 571 532 617 572; x_wconf 81' lang='lat' dir='ltr'>oc</span> <span class='ocrx_word' id='word_1_38' title='bbox 658 534 789 582; x_wconf 85' lang='grc' dir='ltr'><strong><em>ζῶναι</em></strong></span> <span class='ocrx_word' id='word_1_39' title='bbox 819 531 1043 586; x_wconf 79' lang='grc' dir='ltr'><strong><em>περιαρέες</em></strong></span> <span class='ocrx_word' id='word_1_40' title='bbox 1078 532 1348 586; x_wconf 81' lang='grc' dir='ltr'><strong><em>ἐσπείρηντο,</em></strong></span> <span class='ocrx_word' id='word_1_41' title='bbox 1389 533 1439 573; x_wconf 77' lang='grc' dir='ltr'>αἱ</span> <span class='ocrx_word' id='word_1_42' title='bbox 1474 532 1556 573; x_wconf 82' lang='grc' dir='ltr'>δύο</span> <span class='ocrx_word' id='word_1_43' title='bbox 1587 530 1669 584; x_wconf 77' lang='grc' dir='ltr'>μὲν</span> 
     </span>
     <span class='ocr_line' id='line_1_7' title="bbox 153 600 1667 659; baseline 0.001 -17"><span class='ocrx_word' id='word_1_44' title='bbox 153 602 361 654; x_wconf 83' lang='grc' dir='ltr'><em>γλαυκοῖο</em></span> <span class='ocrx_word' id='word_1_45' title='bbox 392 601 655 655; x_wconf 79' lang='grc' dir='ltr'><strong><em>κυανότεραι</em></strong></span> <span class='ocrx_word' id='word_1_46' title='bbox 686 601 868 645; x_wconf 80' lang='grc' dir='ltr'><em>κυάνοιο</em></span> <span class='ocrx_word' id='word_1_47' title='bbox 900 603 948 645; x_wconf 89' lang='lat' dir='ltr'>et</span> <span class='ocrx_word' id='word_1_48' title='bbox 977 603 1129 645; x_wconf 88' lang='lat' dir='ltr'>cetera</span> <span class='ocrx_word' id='word_1_49' title='bbox 1160 617 1213 646; x_wconf 92' lang='lat' dir='ltr'>ex</span> <span class='ocrx_word' id='word_1_50' title='bbox 1243 601 1339 659; x_wconf 91' lang='lat' dir='ltr'>ipso</span> <span class='ocrx_word' id='word_1_51' title='bbox 1371 600 1489 645; x_wconf 90' lang='lat' dir='ltr'>libro</span> <span class='ocrx_word' id='word_1_52' title='bbox 1521 600 1667 657; x_wconf 89' lang='lat' dir='ltr'>requi-</span> 
     </span>
     <span class='ocr_line' id='line_1_8' title="bbox 152 668 1664 721; baseline 0.001 -11"><span class='ocrx_word' id='word_1_53' title='bbox 152 668 316 711; x_wconf 85' lang='lat' dir='ltr'>renda‘.</span> <span class='ocrx_word' id='word_1_54' title='bbox 368 668 456 721; x_wconf 75' lang='lat' dir='ltr'>Qui</span> <span class='ocrx_word' id='word_1_55' title='bbox 485 669 607 712; x_wconf 89' lang='lat' dir='ltr'>locus</span> <span class='ocrx_word' id='word_1_56' title='bbox 628 670 944 713; x_wconf 84' lang='lat' dir='ltr'>Eratosthenis</span> <span class='ocrx_word' id='word_1_57' title='bbox 975 672 1026 712; x_wconf 93' lang='lat' dir='ltr'>ut</span> <span class='ocrx_word' id='word_1_58' title='bbox 1048 673 1173 713; x_wconf 88' lang='lat' dir='ltr'>totus</span> <span class='ocrx_word' id='word_1_59' title='bbox 1206 671 1262 712; x_wconf 85' lang='lat' dir='ltr'>ad</span> <span class='ocrx_word' id='word_1_60' title='bbox 1282 685 1364 712; x_wconf 88' lang='lat' dir='ltr'>nos</span> <span class='ocrx_word' id='word_1_61' title='bbox 1386 670 1664 719; x_wconf 80' lang='lat' dir='ltr'>traderetur,</span> 
     </span>
     <span class='ocr_line' id='line_1_9' title="bbox 154 739 1668 797; baseline -0.001 -15"><span class='ocrx_word' id='word_1_62' title='bbox 154 753 256 782; x_wconf 86' lang='lat' dir='ltr'>casu</span> <span class='ocrx_word' id='word_1_63' title='bbox 302 739 452 782; x_wconf 89' lang='lat' dir='ltr'>evenit</span> <span class='ocrx_word' id='word_1_64' title='bbox 497 740 567 793; x_wconf 88' lang='lat' dir='ltr'>(cf.</span> <span class='ocrx_word' id='word_1_65' title='bbox 602 740 747 783; x_wconf 88' lang='lat' dir='ltr'>Hiller</span> <span class='ocrx_word' id='word_1_66' title='bbox 786 756 827 797; x_wconf 90' lang='lat' dir='ltr'>p.</span> <span class='ocrx_word' id='word_1_67' title='bbox 860 741 915 783; x_wconf 82' lang='lat'>56</span> <span class='ocrx_word' id='word_1_68' title='bbox 957 740 1042 796; x_wconf 86' lang='lat' dir='ltr'>frg.</span> <span class='ocrx_word' id='word_1_69' title='bbox 1072 741 1188 782; x_wconf 92' lang='lat' dir='ltr'>XIX</span> <span class='ocrx_word' id='word_1_70' title='bbox 1229 745 1275 783; x_wconf 90' lang='lat' dir='ltr'>et</span> <span class='ocrx_word' id='word_1_71' title='bbox 1306 740 1481 791; x_wconf 86' lang='lat' dir='ltr'>Maass‚</span> <span class='ocrx_word' id='word_1_72' title='bbox 1528 739 1668 781; x_wconf 86' lang='lat' dir='ltr'>Arati</span> 
     </span>
     <span class='ocr_line' id='line_1_10' title="bbox 153 807 1666 866; baseline -0.001 -15"><span class='ocrx_word' id='word_1_73' title='bbox 153 807 460 851; x_wconf 85' lang='lat' dir='ltr'>commentarii</span> <span class='ocrx_word' id='word_1_74' title='bbox 491 807 727 864; x_wconf 90' lang='lat' dir='ltr'>(Achilles)</span> <span class='ocrx_word' id='word_1_75' title='bbox 756 824 798 866; x_wconf 89' lang='lat' dir='ltr'>p.</span> <span class='ocrx_word' id='word_1_76' title='bbox 831 810 919 863; x_wconf 88' lang='grc'><strong>63).</strong></span> <span class='ocrx_word' id='word_1_77' title='bbox 981 808 1262 866; x_wconf 87' lang='lat' dir='ltr'>Comparatis</span> <span class='ocrx_word' id='word_1_78' title='bbox 1296 808 1534 865; x_wconf 88' lang='lat' dir='ltr'>utriusque</span> <span class='ocrx_word' id='word_1_79' title='bbox 1565 822 1666 850; x_wconf 88' lang='lat' dir='ltr'>ver-</span> 
     </span>
     <span class='ocr_line' id='line_1_11' title="bbox 155 877 1668 935; baseline 0 -16"><span class='ocrx_word' id='word_1_80' title='bbox 155 877 275 920; x_wconf 91' lang='lat' dir='ltr'>sibus</span> <span class='ocrx_word' id='word_1_81' title='bbox 315 879 506 934; x_wconf 87' lang='lat' dir='ltr'>appa-ret</span> <span class='ocrx_word' id='word_1_82' title='bbox 536 877 789 935; x_wconf 82' lang='lat' dir='ltr'>Vergilium</span> <span class='ocrx_word' id='word_1_83' title='bbox 830 879 924 921; x_wconf 87' lang='lat' dir='ltr'>fere</span> <span class='ocrx_word' id='word_1_84' title='bbox 968 878 1120 921; x_wconf 90' lang='lat' dir='ltr'>eodem</span> <span class='ocrx_word' id='word_1_85' title='bbox 1151 878 1279 921; x_wconf 91' lang='lat' dir='ltr'>modo</span> <span class='ocrx_word' id='word_1_86' title='bbox 1313 877 1540 920; x_wconf 88' lang='lat' dir='ltr'>imitatum</span> <span class='ocrx_word' id='word_1_87' title='bbox 1570 891 1668 919; x_wconf 89' lang='lat' dir='ltr'>esse</span> 
     </span>
     <span class='ocr_line' id='line_1_12' title="bbox 156 945 1668 1003; baseline 0 -15"><span class='ocrx_word' id='word_1_88' title='bbox 156 946 500 990; x_wconf 83' lang='lat' dir='ltr'>Eratosthenem</span> <span class='ocrx_word' id='word_1_89' title='bbox 528 947 610 989; x_wconf 90' lang='lat' dir='ltr'>hoc</span> <span class='ocrx_word' id='word_1_90' title='bbox 639 948 734 990; x_wconf 90' lang='lat' dir='ltr'>loco</span> <span class='ocrx_word' id='word_1_91' title='bbox 766 950 900 1003; x_wconf 90' lang='lat' dir='ltr'>atque</span> <span class='ocrx_word' id='word_1_92' title='bbox 921 948 1117 990; x_wconf 79' lang='lat' dir='ltr'>Aratum</span> <span class='ocrx_word' id='word_1_93' title='bbox 1146 948 1193 990; x_wconf 90' lang='lat' dir='ltr'>in</span> <span class='ocrx_word' id='word_1_94' title='bbox 1225 947 1534 1003; x_wconf 87' lang='lat' dir='ltr'>sequentibus:</span> <span class='ocrx_word' id='word_1_95' title='bbox 1571 945 1668 988; x_wconf 90' lang='lat' dir='ltr'>des-</span> 
     </span>
     <span class='ocr_line' id='line_1_13' title="bbox 154 1015 1668 1073; baseline 0 -15"><span class='ocrx_word' id='word_1_96' title='bbox 154 1015 290 1059; x_wconf 89' lang='lat' dir='ltr'>cribit</span> <span class='ocrx_word' id='word_1_97' title='bbox 335 1016 448 1059; x_wconf 93' lang='lat' dir='ltr'>enim</span> <span class='ocrx_word' id='word_1_98' title='bbox 494 1016 702 1060; x_wconf 84' lang='lat' dir='ltr'>similiter</span> <span class='ocrx_word' id='word_1_99' title='bbox 743 1031 877 1060; x_wconf 88' lang='lat' dir='ltr'>zonas</span> <span class='ocrx_word' id='word_1_100' title='bbox 918 1018 1054 1073; x_wconf 86' lang='lat' dir='ltr'>atque</span> <span class='ocrx_word' id='word_1_101' title='bbox 1096 1016 1443 1070; x_wconf 83' lang='lat' dir='ltr'>Eratosthenes,</span> <span class='ocrx_word' id='word_1_102' title='bbox 1496 1015 1573 1059; x_wconf 90' lang='lat' dir='ltr'>sed</span> <span class='ocrx_word' id='word_1_103' title='bbox 1621 1015 1668 1057; x_wconf 89' lang='lat' dir='ltr'>in</span> 
     </span>
     <span class='ocr_line' id='line_1_14' title="bbox 155 1085 1667 1141; baseline -0.001 -14"><span class='ocrx_word' id='word_1_104' title='bbox 155 1086 287 1128; x_wconf 91' lang='lat' dir='ltr'>rebus</span> <span class='ocrx_word' id='word_1_105' title='bbox 328 1089 374 1128; x_wconf 89' lang='lat' dir='ltr'>et</span> <span class='ocrx_word' id='word_1_106' title='bbox 413 1085 667 1141; x_wconf 84' lang='lat' dir='ltr'>digerendis</span> <span class='ocrx_word' id='word_1_107' title='bbox 710 1089 757 1128; x_wconf 90' lang='lat' dir='ltr'>et</span> <span class='ocrx_word' id='word_1_108' title='bbox 795 1086 1087 1128; x_wconf 87' lang='lat' dir='ltr'>diiudicandis</span> <span class='ocrx_word' id='word_1_109' title='bbox 1127 1100 1216 1128; x_wconf 93' lang='lat' dir='ltr'>non</span> <span class='ocrx_word' id='word_1_110' title='bbox 1255 1086 1458 1141; x_wconf 92' lang='lat' dir='ltr'>sequitur</span> <span class='ocrx_word' id='word_1_111' title='bbox 1488 1087 1667 1141; x_wconf 87' lang='lat' dir='ltr'>poetam</span> 
     </span>
     <span class='ocr_line' id='line_1_15' title="bbox 155 1153 1666 1211; baseline -0.002 -12"><span class='ocrx_word' id='word_1_112' title='bbox 155 1153 392 1209; x_wconf 80' lang='lat' dir='ltr'>Graecum3</span> <span class='ocrx_word' id='word_1_113' title='bbox 440 1155 536 1211; x_wconf 89' lang='lat' dir='ltr'>ipse</span> <span class='ocrx_word' id='word_1_114' title='bbox 575 1155 711 1198; x_wconf 90' lang='lat' dir='ltr'>etiam</span> <span class='ocrx_word' id='word_1_115' title='bbox 749 1168 882 1198; x_wconf 88' lang='lat' dir='ltr'>zonas</span> <span class='ocrx_word' id='word_1_116' title='bbox 923 1154 1129 1211; x_wconf 90' lang='lat' dir='ltr'>intellegi</span> <span class='ocrx_word' id='word_1_117' title='bbox 1169 1154 1270 1197; x_wconf 88' lang='lat' dir='ltr'>vult</span> <span class='ocrx_word' id='word_1_118' title='bbox 1311 1154 1364 1196; x_wconf 91' lang='lat' dir='ltr'>de</span> <span class='ocrx_word' id='word_1_119' title='bbox 1403 1154 1495 1197; x_wconf 91' lang='lat' dir='ltr'>illis</span> <span class='ocrx_word' id='word_1_120' title='bbox 1528 1153 1666 1206; x_wconf 87' lang='lat' dir='ltr'>zonis,</span> 
     </span>
     <span class='ocr_line' id='line_1_16' title="bbox 155 1223 1669 1278; baseline 0 -13"><span class='ocrx_word' id='word_1_121' title='bbox 155 1223 313 1278; x_wconf 86' lang='lat' dir='ltr'>quibus</span> <span class='ocrx_word' id='word_1_122' title='bbox 343 1237 431 1265; x_wconf 91' lang='lat' dir='ltr'>una</span> <span class='ocrx_word' id='word_1_123' title='bbox 460 1225 587 1265; x_wconf 90' lang='lat' dir='ltr'>terra</span> <span class='ocrx_word' id='word_1_124' title='bbox 617 1238 714 1265; x_wconf 88' lang='lat' dir='ltr'>cum</span> <span class='ocrx_word' id='word_1_125' title='bbox 744 1223 865 1266; x_wconf 86' lang='lat' dir='ltr'>caelo</span> <span class='ocrx_word' id='word_1_126' title='bbox 898 1223 1128 1275; x_wconf 82' lang='lat' dir='ltr'>dividitur,</span> <span class='ocrx_word' id='word_1_127' title='bbox 1169 1223 1493 1265; x_wconf 85' lang='lat' dir='ltr'>Eratosthenes</span> <span class='ocrx_word' id='word_1_128' title='bbox 1526 1223 1669 1265; x_wconf 87' lang='lat' dir='ltr'>solum</span> 
     </span>
     <span class='ocr_line' id='line_1_17' title="bbox 156 1291 1667 1347; baseline -0.001 -13"><span class='ocrx_word' id='word_1_129' title='bbox 156 1291 210 1334; x_wconf 89' lang='lat' dir='ltr'>de</span> <span class='ocrx_word' id='word_1_130' title='bbox 242 1296 394 1334; x_wconf 84' lang='lat' dir='ltr'>terrae</span> <span class='ocrx_word' id='word_1_131' title='bbox 424 1292 546 1334; x_wconf 90' lang='lat' dir='ltr'>zonis</span> <span class='ocrx_word' id='word_1_132' title='bbox 575 1291 786 1347; x_wconf 86' lang='lat' dir='ltr'>loquitur.</span> <span class='ocrx_word' id='word_1_133' title='bbox 850 1291 905 1333; x_wconf 93' lang='lat' dir='ltr'>In</span> <span class='ocrx_word' id='word_1_134' title='bbox 935 1291 1085 1334; x_wconf 85' lang='lat' dir='ltr'>verbis</span> <span class='ocrx_word' id='word_1_135' title='bbox 1117 1291 1381 1347; x_wconf 84' lang='lat' dir='ltr'>quibusdam</span> <span class='ocrx_word' id='word_1_136' title='bbox 1420 1291 1667 1334; x_wconf 87' lang='lat' dir='ltr'>similitudo</span> 
     </span>
     <span class='ocr_line' id='line_1_18' title="bbox 155 1363 363 1418; baseline 0 -15"><span class='ocrx_word' id='word_1_137' title='bbox 155 1363 363 1418; x_wconf 87' lang='lat' dir='ltr'>apparet:</span> 
     </span>
    </p>

    <p class='ocr_par' dir='ltr' id='par_1_3' title="bbox 157 1430 1669 1556">
     <span class='ocr_line' id='line_1_19' title="bbox 269 1430 1669 1486; baseline -0.001 -14"><span class='ocrx_word' id='word_1_138' title='bbox 269 1446 310 1473; x_wconf 90' lang='lat' dir='ltr'>v.</span> <span class='ocrx_word' id='word_1_139' title='bbox 343 1430 427 1471; x_wconf 82' lang='lat'>233</span> <span class='ocrx_word' id='word_1_140' title='bbox 466 1431 721 1486; x_wconf 88' lang='lat' dir='ltr'>quinque..</span> <span class='ocrx_word' id='word_1_141' title='bbox 744 1445 881 1472; x_wconf 87' lang='lat' dir='ltr'>zonae</span> <span class='ocrx_word' id='word_1_142' title='bbox 916 1452 964 1465; x_wconf 48' lang='grc' dir='ltr'><em>κ</em></span> <span class='ocrx_word' id='word_1_143' title='bbox 998 1430 1126 1471; x_wconf 84' lang='grc' dir='ltr'><strong><em>πέντε</em></strong></span> <span class='ocrx_word' id='word_1_144' title='bbox 1166 1433 1296 1481; x_wconf 83' lang='grc' dir='ltr'><strong><em>ζῶναι</em></strong></span> <span class='ocrx_word' id='word_1_145' title='bbox 1340 1430 1577 1485; x_wconf 84' lang='lat' dir='ltr'>(‚quinque‘</span> <span class='ocrx_word' id='word_1_146' title='bbox 1622 1433 1669 1471; x_wconf 89' lang='lat' dir='ltr'>et</span> 
     </span>
     <span class='ocr_line' id='line_1_20' title="bbox 157 1497 1125 1556; baseline -0.001 -15"><span class='ocrx_word' id='word_1_147' title='bbox 157 1498 284 1541; x_wconf 83' lang='grc' dir='ltr'><strong><em>πέντε</em></strong></span> <span class='ocrx_word' id='word_1_148' title='bbox 313 1500 503 1556; x_wconf 88' lang='lat' dir='ltr'>uterque</span> <span class='ocrx_word' id='word_1_149' title='bbox 533 1499 580 1541; x_wconf 89' lang='lat' dir='ltr'>in</span> <span class='ocrx_word' id='word_1_150' title='bbox 610 1513 767 1542; x_wconf 88' lang='lat' dir='ltr'>versus</span> <span class='ocrx_word' id='word_1_151' title='bbox 799 1498 928 1541; x_wconf 90' lang='lat' dir='ltr'>initio</span> <span class='ocrx_word' id='word_1_152' title='bbox 960 1497 1125 1555; x_wconf 90' lang='lat' dir='ltr'>habet).</span> 
     </span>
    </p>

    <p class='ocr_par' dir='ltr' id='par_1_4' title="bbox 271 1569 932 1624">
     <span class='ocr_line' id='line_1_21' title="bbox 271 1569 932 1624; baseline 0.002 -15"><span class='ocrx_word' id='word_1_153' title='bbox 271 1569 367 1609; x_wconf 85' lang='grc'><strong>234.</strong></span> <span class='ocrx_word' id='word_1_154' title='bbox 399 1582 584 1624; x_wconf 85' lang='lat' dir='ltr'>quarum</span> <span class='ocrx_word' id='word_1_155' title='bbox 615 1582 721 1610; x_wconf 91' lang='lat' dir='ltr'>una</span> <span class='ocrx_word' id='word_1_156' title='bbox 751 1582 932 1610; x_wconf 90' lang='lat' dir='ltr'>corusco</span> 
     </span>
    </p>

    <p class='ocr_par' dir='ltr' id='par_1_5' title="bbox 328 1635 1589 1760">
     <span class='ocr_line' id='line_1_22' title="bbox 330 1635 1569 1693; baseline -0.003 -13"><span class='ocrx_word' id='word_1_157' title='bbox 330 1651 501 1693; x_wconf 89' lang='lat' dir='ltr'>semper</span> <span class='ocrx_word' id='word_1_158' title='bbox 533 1637 625 1680; x_wconf 90' lang='lat' dir='ltr'>sole</span> <span class='ocrx_word' id='word_1_159' title='bbox 656 1638 856 1679; x_wconf 90' lang='lat' dir='ltr'>rubens</span> <span class='ocrx_word' id='word_1_160' title='bbox 888 1639 935 1679; x_wconf 91' lang='lat' dir='ltr'>et</span> <span class='ocrx_word' id='word_1_161' title='bbox 966 1636 1141 1680; x_wconf 87' lang='lat' dir='ltr'>torrida</span> <span class='ocrx_word' id='word_1_162' title='bbox 1172 1651 1344 1693; x_wconf 86' lang='lat' dir='ltr'>semper</span> <span class='ocrx_word' id='word_1_163' title='bbox 1377 1637 1431 1679; x_wconf 88' lang='lat' dir='ltr'>ab</span> <span class='ocrx_word' id='word_1_164' title='bbox 1463 1635 1569 1691; x_wconf 89' lang='lat' dir='ltr'>igni.</span> 
     </span>
     <span class='ocr_line' id='line_1_23' title="bbox 328 1704 1589 1760; baseline -0.001 -13"><span class='ocrx_word' id='word_1_165' title='bbox 328 1706 354 1759; x_wconf 87' lang='grc' dir='ltr'>ἡ</span> <span class='ocrx_word' id='word_1_166' title='bbox 387 1705 434 1747; x_wconf 79' lang='grc' dir='ltr'>δὲ</span> <span class='ocrx_word' id='word_1_167' title='bbox 464 1708 540 1759; x_wconf 88' lang='grc' dir='ltr'>μία</span> <span class='ocrx_word' id='word_1_168' title='bbox 571 1708 754 1760; x_wconf 79' lang='grc' dir='ltr'><em>ψαφαρή</em></span> <span class='ocrx_word' id='word_1_169' title='bbox 784 1721 829 1747; x_wconf 87' lang='grc' dir='ltr'>τε</span> <span class='ocrx_word' id='word_1_170' title='bbox 859 1704 931 1747; x_wconf 79' lang='grc' dir='ltr'>καὶ.</span> <span class='ocrx_word' id='word_1_171' title='bbox 964 1705 1010 1747; x_wconf 85' lang='grc' dir='ltr'>ἐκ</span> <span class='ocrx_word' id='word_1_172' title='bbox 1041 1708 1181 1760; x_wconf 79' lang='grc' dir='ltr'><em>πυρὸς</em></span> <span class='ocrx_word' id='word_1_173' title='bbox 1212 1704 1307 1747; x_wconf 74' lang='grc' dir='ltr'><strong><em>αἰὲν</em></strong></span> <span class='ocrx_word' id='word_1_174' title='bbox 1322 1704 1374 1760; x_wconf 80' lang='lat'>²⁷)</span> <span class='ocrx_word' id='word_1_175' title='bbox 1406 1704 1589 1758; x_wconf 78' lang='grc' dir='ltr'><strong>ἐρυθρή.</strong></span> 
     </span>
    </p>

    <p class='ocr_par' dir='ltr' id='par_1_6' title="bbox 156 1773 1671 1969">
     <span class='ocr_line' id='line_1_24' title="bbox 271 1773 1669 1828; baseline -0.001 -12"><span class='ocrx_word' id='word_1_176' title='bbox 271 1774 367 1816; x_wconf 90' lang='grc'><strong>236.</strong></span> <span class='ocrx_word' id='word_1_177' title='bbox 400 1774 633 1817; x_wconf 89' lang='lat' dir='ltr'>caerulea.</span> <span class='ocrx_word' id='word_1_178' title='bbox 657 1808 665 1816; x_wconf 92' lang='lat'><strong><em>.</em></strong></span> <span class='ocrx_word' id='word_1_179' title='bbox 689 1774 801 1816; x_wconf 86' lang='lat' dir='ltr'>atris</span> <span class='ocrx_word' id='word_1_180' title='bbox 833 1792 886 1811; x_wconf 72' lang='grc' dir='ltr'><em>Ν</em></span> <span class='ocrx_word' id='word_1_181' title='bbox 917 1775 966 1815; x_wconf 78' lang='grc' dir='ltr'>αἱ</span> <span class='ocrx_word' id='word_1_182' title='bbox 1003 1776 1084 1816; x_wconf 81' lang='grc' dir='ltr'>δύο</span> <span class='ocrx_word' id='word_1_183' title='bbox 1116 1773 1196 1828; x_wconf 74' lang='grc' dir='ltr'>μὲν</span> <span class='ocrx_word' id='word_1_184' title='bbox 1227 1778 1439 1827; x_wconf 74' lang='grc' dir='ltr'><em>γλαυκοῖο</em></span> <span class='ocrx_word' id='word_1_185' title='bbox 1471 1776 1669 1815; x_wconf 86' lang='grc' dir='ltr'><strong><em>κελαινό-</em></strong></span> 
     </span>
     <span class='ocr_line' id='line_1_25' title="bbox 157 1842 1669 1900; baseline -0.001 -14"><span class='ocrx_word' id='word_1_186' title='bbox 157 1860 277 1898; x_wconf 77' lang='grc' dir='ltr'><strong><em>τεραι</em></strong></span> <span class='ocrx_word' id='word_1_187' title='bbox 307 1843 502 1886; x_wconf 78' lang='grc' dir='ltr'>κυάνοιο.</span> <span class='ocrx_word' id='word_1_188' title='bbox 533 1869 589 1874; x_wconf 87' lang='lat'>—-</span> <span class='ocrx_word' id='word_1_189' title='bbox 621 1843 831 1887; x_wconf 84' lang='lat' dir='ltr'>Ceterum</span> <span class='ocrx_word' id='word_1_190' title='bbox 858 1843 966 1886; x_wconf 90' lang='lat' dir='ltr'>item</span> <span class='ocrx_word' id='word_1_191' title='bbox 998 1845 1133 1900; x_wconf 89' lang='lat' dir='ltr'>atque</span> <span class='ocrx_word' id='word_1_192' title='bbox 1163 1843 1303 1887; x_wconf 89' lang='lat' dir='ltr'>Arati</span> <span class='ocrx_word' id='word_1_193' title='bbox 1335 1842 1669 1897; x_wconf 63' lang='lat' dir='ltr'>‚Phaenomena⁴</span> 
     </span>
     <span class='ocr_line' id='line_1_26' title="bbox 156 1910 1671 1969; baseline -0.001 -15"><span class='ocrx_word' id='word_1_194' title='bbox 156 1913 335 1969; x_wconf 86' lang='lat' dir='ltr'>longam</span> <span class='ocrx_word' id='word_1_195' title='bbox 374 1912 690 1955; x_wconf 87' lang='lat' dir='ltr'>Eratosthenis</span> <span class='ocrx_word' id='word_1_196' title='bbox 731 1912 1083 1968; x_wconf 87' lang='lat' dir='ltr'>disputationem</span> <span class='ocrx_word' id='word_1_197' title='bbox 1121 1912 1432 1955; x_wconf 85' lang='lat' dir='ltr'>brevissimam</span> <span class='ocrx_word' id='word_1_198' title='bbox 1472 1910 1671 1954; x_wconf 80' lang='lat' dir='ltr'>reddidit</span> 
     </span>
    </p>
   </div>
   <div class='ocr_carea' id='block_1_3' title="bbox 156 1980 1671 2106">
    <p class='ocr_par' dir='ltr' id='par_1_7' title="bbox 156 1980 1671 2106">
     <span class='ocr_line' id='line_1_27' title="bbox 157 1980 1671 2038; baseline -0.003 -13"><span class='ocrx_word' id='word_1_199' title='bbox 157 1984 292 2038; x_wconf 90' lang='lat' dir='ltr'>atque</span> <span class='ocrx_word' id='word_1_200' title='bbox 323 1981 496 2023; x_wconf 92' lang='lat' dir='ltr'>omnino</span> <span class='ocrx_word' id='word_1_201' title='bbox 529 1995 608 2023; x_wconf 92' lang='lat' dir='ltr'>suo</span> <span class='ocrx_word' id='word_1_202' title='bbox 639 1980 813 2024; x_wconf 89' lang='lat' dir='ltr'>dicendi</span> <span class='ocrx_word' id='word_1_203' title='bbox 842 1980 998 2036; x_wconf 88' lang='lat' dir='ltr'>generi</span> <span class='ocrx_word' id='word_1_204' title='bbox 1029 1980 1304 2037; x_wconf 87' lang='lat' dir='ltr'>adaptatam.</span> <span class='ocrx_word' id='word_1_205' title='bbox 1355 1980 1440 2034; x_wconf 93' lang='lat' dir='ltr'>(De</span> <span class='ocrx_word' id='word_1_206' title='bbox 1465 1980 1671 2023; x_wconf 87' lang='lat' dir='ltr'>Varrone</span> 
     </span>
     <span class='ocr_line' id='line_1_28' title="bbox 156 2050 612 2106; baseline -0.004 -12"><span class='ocrx_word' id='word_1_207' title='bbox 156 2050 348 2094; x_wconf 85' lang='lat' dir='ltr'>Atacino</span> <span class='ocrx_word' id='word_1_208' title='bbox 380 2066 420 2093; x_wconf 90' lang='lat' dir='ltr'>v.</span> <span class='ocrx_word' id='word_1_209' title='bbox 452 2065 493 2106; x_wconf 88' lang='lat' dir='ltr'>p.</span> <span class='ocrx_word' id='word_1_210' title='bbox 526 2051 612 2103; x_wconf 83' lang='lat'>85).</span> 
     </span>
    </p>
   </div>
   <div class='ocr_carea' id='block_1_4' title="bbox 158 2133 1675 2747">
    <p class='ocr_par' dir='ltr' id='par_1_8' title="bbox 158 2133 1675 2747">
     <span class='ocr_line' id='line_1_29' title="bbox 272 2133 1672 2190; baseline -0.002 -13"><span class='ocrx_word' id='word_1_211' title='bbox 272 2135 339 2177; x_wconf 88' lang='lat' dir='ltr'>De</span> <span class='ocrx_word' id='word_1_212' title='bbox 369 2134 627 2177; x_wconf 88' lang='lat' dir='ltr'>Pindaro</span> <span class='ocrx_word' id='word_1_213' title='bbox 659 2147 771 2190; x_wconf 88' lang='lat' dir='ltr'>quae</span> <span class='ocrx_word' id='word_1_214' title='bbox 801 2133 1051 2177; x_wconf 85' lang='lat' dir='ltr'>Macrobius</span> <span class='ocrx_word' id='word_1_215' title='bbox 1086 2133 1159 2187; x_wconf 93' lang='lat' dir='ltr'>(V.</span> <span class='ocrx_word' id='word_1_216' title='bbox 1193 2134 1260 2176; x_wconf 88' lang='grc'>17.</span> <span class='ocrx_word' id='word_1_217' title='bbox 1292 2135 1337 2189; x_wconf 82' lang='grc'>8)</span> <span class='ocrx_word' id='word_1_218' title='bbox 1377 2133 1577 2190; x_wconf 84' lang='lat' dir='ltr'>profert,</span> <span class='ocrx_word' id='word_1_219' title='bbox 1620 2147 1672 2175; x_wconf 75' lang='lat' dir='ltr'>ea</span> 
     </span>
     <span class='ocr_line' id='line_1_30' title="bbox 159 2202 1673 2260; baseline -0.003 -12"><span class='ocrx_word' id='word_1_220' title='bbox 159 2221 183 2248; x_wconf 92' lang='lat' dir='ltr'>e</span> <span class='ocrx_word' id='word_1_221' title='bbox 212 2204 334 2248; x_wconf 84' lang='lat' dir='ltr'>Gelli</span> <span class='ocrx_word' id='word_1_222' title='bbox 375 2204 604 2256; x_wconf 90' lang='lat' dir='ltr'>,Noctibus</span> <span class='ocrx_word' id='word_1_223' title='bbox 635 2203 819 2245; x_wconf 88' lang='lat' dir='ltr'>Atticis‘</span> <span class='ocrx_word' id='word_1_224' title='bbox 861 2203 1033 2259; x_wconf 89' lang='lat' dir='ltr'>(XVII.</span> <span class='ocrx_word' id='word_1_225' title='bbox 1069 2204 1122 2245; x_wconf 87' lang='lat'>10</span> <span class='ocrx_word' id='word_1_226' title='bbox 1151 2218 1193 2260; x_wconf 91' lang='lat' dir='ltr'>p.</span> <span class='ocrx_word' id='word_1_227' title='bbox 1227 2204 1312 2246; x_wconf 83' lang='grc'>208</span> <span class='ocrx_word' id='word_1_228' title='bbox 1325 2204 1399 2259; x_wconf 88' lang='grc' dir='ltr'>Η.)</span> <span class='ocrx_word' id='word_1_229' title='bbox 1443 2202 1673 2258; x_wconf 82' lang='lat' dir='ltr'>exscripta</span> 
     </span>
     <span class='ocr_line' id='line_1_31' title="bbox 159 2270 1672 2329; baseline -0.003 -12"><span class='ocrx_word' id='word_1_230' title='bbox 159 2289 256 2318; x_wconf 91' lang='lat' dir='ltr'>esse</span> <span class='ocrx_word' id='word_1_231' title='bbox 294 2274 382 2316; x_wconf 85' lang='lat' dir='ltr'>iam</span> <span class='ocrx_word' id='word_1_232' title='bbox 422 2287 557 2329; x_wconf 86' lang='lat' dir='ltr'>supra</span> <span class='ocrx_word' id='word_1_233' title='bbox 598 2272 802 2314; x_wconf 86' lang='lat' dir='ltr'>diximus.</span> <span class='ocrx_word' id='word_1_234' title='bbox 862 2271 950 2314; x_wconf 85' lang='lat' dir='ltr'>Sed</span> <span class='ocrx_word' id='word_1_235' title='bbox 990 2271 1275 2328; x_wconf 84' lang='lat' dir='ltr'>inspiciamus</span> <span class='ocrx_word' id='word_1_236' title='bbox 1322 2272 1538 2328; x_wconf 91' lang='lat' dir='ltr'>quomodo</span> <span class='ocrx_word' id='word_1_237' title='bbox 1579 2270 1672 2313; x_wconf 88' lang='lat' dir='ltr'>Ma-</span> 
     </span>
     <span class='ocr_line' id='line_1_32' title="bbox 160 2340 1673 2397; baseline -0.003 -10"><span class='ocrx_word' id='word_1_238' title='bbox 160 2343 332 2387; x_wconf 90' lang='lat' dir='ltr'>crobius</span> <span class='ocrx_word' id='word_1_239' title='bbox 374 2357 426 2386; x_wconf 93' lang='lat' dir='ltr'>ea</span> <span class='ocrx_word' id='word_1_240' title='bbox 462 2341 717 2384; x_wconf 86' lang='lat' dir='ltr'>instituerit</span> <span class='ocrx_word' id='word_1_241' title='bbox 756 2343 890 2397; x_wconf 84' lang='lat' dir='ltr'>atque</span> <span class='ocrx_word' id='word_1_242' title='bbox 927 2341 1285 2397; x_wconf 86' lang='lat' dir='ltr'>interpolaverit.</span> <span class='ocrx_word' id='word_1_243' title='bbox 1350 2340 1525 2384; x_wconf 84' lang='lat' dir='ltr'>Gellius</span> <span class='ocrx_word' id='word_1_244' title='bbox 1558 2340 1673 2385; x_wconf 86' lang='lat' dir='ltr'>enim</span> 
     </span>
     <span class='ocr_line' id='line_1_33' title="bbox 158 2409 1675 2469; baseline -0.002 -12"><span class='ocrx_word' id='word_1_245' title='bbox 158 2413 249 2469; x_wconf 87' lang='lat' dir='ltr'>(vel</span> <span class='ocrx_word' id='word_1_246' title='bbox 270 2413 364 2456; x_wconf 91' lang='lat' dir='ltr'>eius</span> <span class='ocrx_word' id='word_1_247' title='bbox 386 2411 559 2464; x_wconf 89' lang='lat' dir='ltr'>auctor)</span> <span class='ocrx_word' id='word_1_248' title='bbox 586 2410 634 2453; x_wconf 88' lang='lat' dir='ltr'>id</span> <span class='ocrx_word' id='word_1_249' title='bbox 655 2412 839 2467; x_wconf 88' lang='lat' dir='ltr'>spectat,</span> <span class='ocrx_word' id='word_1_250' title='bbox 870 2411 925 2452; x_wconf 95' lang='lat' dir='ltr'>ut</span> <span class='ocrx_word' id='word_1_251' title='bbox 945 2409 1222 2453; x_wconf 89' lang='lat' dir='ltr'>demonstret</span> <span class='ocrx_word' id='word_1_252' title='bbox 1243 2410 1425 2467; x_wconf 83' lang='lat' dir='ltr'>Vergili</span> <span class='ocrx_word' id='word_1_253' title='bbox 1445 2411 1499 2453; x_wconf 90' lang='lat' dir='ltr'>de</span> <span class='ocrx_word' id='word_1_254' title='bbox 1522 2412 1675 2454; x_wconf 88' lang='lat' dir='ltr'>Aetna</span> 
     </span>
     <span class='ocr_line' id='line_1_34' title="bbox 158 2478 1674 2535; baseline -0.002 -10"><span class='ocrx_word' id='word_1_255' title='bbox 158 2482 303 2525; x_wconf 91' lang='lat' dir='ltr'>locum</span> <span class='ocrx_word' id='word_1_256' title='bbox 327 2481 514 2525; x_wconf 84' lang='lat' dir='ltr'>maxime</span> <span class='ocrx_word' id='word_1_257' title='bbox 545 2495 640 2523; x_wconf 91' lang='lat' dir='ltr'>esse</span> <span class='ocrx_word' id='word_1_258' title='bbox 669 2480 717 2522; x_wconf 91' lang='lat' dir='ltr'>in</span> <span class='ocrx_word' id='word_1_259' title='bbox 745 2479 812 2532; x_wconf 91' lang='lat' dir='ltr'>iis,</span> <span class='ocrx_word' id='word_1_260' title='bbox 844 2478 918 2535; x_wconf 87' lang='lat' dir='ltr'>qui</span> <span class='ocrx_word' id='word_1_261' title='bbox 951 2478 1204 2532; x_wconf 89' lang='lat' dir='ltr'>,videantur</span> <span class='ocrx_word' id='word_1_262' title='bbox 1224 2479 1468 2522; x_wconf 89' lang='lat' dir='ltr'>retractari</span> <span class='ocrx_word' id='word_1_263' title='bbox 1500 2482 1547 2522; x_wconf 90' lang='lat' dir='ltr'>et</span> <span class='ocrx_word' id='word_1_264' title='bbox 1578 2494 1674 2522; x_wconf 91' lang='lat' dir='ltr'>cor-</span> 
     </span>
     <span class='ocr_line' id='line_1_35' title="bbox 159 2548 1673 2608; baseline -0.002 -14"><span class='ocrx_word' id='word_1_265' title='bbox 159 2551 250 2608; x_wconf 89' lang='lat' dir='ltr'>rigi</span> <span class='ocrx_word' id='word_1_266' title='bbox 279 2550 510 2603; x_wconf 84' lang='lat' dir='ltr'>debuisse‘,</span> <span class='ocrx_word' id='word_1_267' title='bbox 544 2550 646 2607; x_wconf 84' lang='lat' dir='ltr'>quia</span> <span class='ocrx_word' id='word_1_268' title='bbox 677 2548 863 2592; x_wconf 83' lang='lat' dir='ltr'>Pindari</span> <span class='ocrx_word' id='word_1_269' title='bbox 892 2562 1068 2590; x_wconf 86' lang='lat' dir='ltr'>carmen</span> <span class='ocrx_word' id='word_1_270' title='bbox 1100 2548 1334 2604; x_wconf 89' lang='lat' dir='ltr'>Vergilius</span> <span class='ocrx_word' id='word_1_271' title='bbox 1364 2549 1673 2591; x_wconf 88' lang='lat' dir='ltr'>aemulaturus</span> 
     </span>
     <span class='ocr_line' id='line_1_36' title="bbox 161 2616 1674 2674; baseline -0.002 -11"><span class='ocrx_word' id='word_1_272' title='bbox 161 2619 389 2674; x_wconf 86' lang='lat' dir='ltr'>‚eiusmodi</span> <span class='ocrx_word' id='word_1_273' title='bbox 419 2620 665 2663; x_wconf 89' lang='lat' dir='ltr'>sententias</span> <span class='ocrx_word' id='word_1_274' title='bbox 697 2623 743 2661; x_wconf 91' lang='lat' dir='ltr'>et</span> <span class='ocrx_word' id='word_1_275' title='bbox 772 2618 911 2661; x_wconf 89' lang='lat' dir='ltr'>verba</span> <span class='ocrx_word' id='word_1_276' title='bbox 939 2616 1121 2659; x_wconf 91' lang='lat' dir='ltr'>molitus</span> <span class='ocrx_word' id='word_1_277' title='bbox 1153 2616 1228 2670; x_wconf 82' lang='lat' dir='ltr'>sit,</span> <span class='ocrx_word' id='word_1_278' title='bbox 1258 2623 1311 2660; x_wconf 86' lang='lat' dir='ltr'>ut</span> <span class='ocrx_word' id='word_1_279' title='bbox 1342 2617 1537 2660; x_wconf 86' lang='lat' dir='ltr'>Pindaro</span> <span class='ocrx_word' id='word_1_280' title='bbox 1570 2632 1674 2674; x_wconf 89' lang='lat' dir='ltr'>quo-</span> 
     </span>
     <span class='ocr_line' id='line_1_37' title="bbox 162 2686 1673 2747; baseline -0.002 -14"><span class='ocrx_word' id='word_1_281' title='bbox 162 2704 244 2747; x_wconf 88' lang='lat' dir='ltr'>que</span> <span class='ocrx_word' id='word_1_282' title='bbox 273 2689 369 2746; x_wconf 91' lang='lat' dir='ltr'>ipso</span> <span class='ocrx_word' id='word_1_283' title='bbox 403 2723 411 2732; x_wconf 88' lang='lat'><strong>.</strong></span> <span class='ocrx_word' id='word_1_284' title='bbox 436 2724 444 2732; x_wconf 92' lang='lat'><strong><em>.</em></strong></span> <span class='ocrx_word' id='word_1_285' title='bbox 469 2724 478 2732; x_wconf 89' lang='lat'><strong>.</strong></span> <span class='ocrx_word' id='word_1_286' title='bbox 509 2688 775 2733; x_wconf 89' lang='lat' dir='ltr'>insolentior</span> <span class='ocrx_word' id='word_1_287' title='bbox 809 2721 850 2731; x_wconf 90' lang='lat'>..</span> <span class='ocrx_word' id='word_1_288' title='bbox 882 2686 1182 2743; x_wconf 88' lang='lat' dir='ltr'>tumidiorque</span> <span class='ocrx_word' id='word_1_289' title='bbox 1214 2686 1301 2730; x_wconf 80' lang='lat' dir='ltr'>sit‘.</span> <span class='ocrx_word' id='word_1_290' title='bbox 1375 2686 1498 2743; x_wconf 85' lang='lat' dir='ltr'>Ergo</span> <span class='ocrx_word' id='word_1_291' title='bbox 1530 2687 1673 2730; x_wconf 88' lang='lat' dir='ltr'>totius</span> 
     </span>
    </p>
   </div>
   <div class='ocr_carea' id='block_1_5' title="bbox 163 2773 435 2778">
    <p class='ocr_par' dir='ltr' id='par_1_9' title="bbox 163 2773 435 2778">
     <span class='ocr_line' id='line_1_38' title="bbox 163 2773 435 2778; baseline 0 0"><span class='ocrx_word' id='word_1_292' title='bbox 163 2773 435 2778; x_wconf 95' lang='lat' dir='ltr'> </span> 
     </span>
    </p>
   </div>
   <div class='ocr_carea' id='block_1_6' title="bbox 278 2819 1011 2868">
    <p class='ocr_par' dir='ltr' id='par_1_10' title="bbox 278 2819 1011 2868">
     <span class='ocr_line' id='line_1_39' title="bbox 278 2819 1011 2868; baseline -0.003 -11"><span class='ocrx_word' id='word_1_293' title='bbox 278 2825 339 2868; x_wconf 87' lang='lat'>27)</span> <span class='ocrx_word' id='word_1_294' title='bbox 365 2821 448 2857; x_wconf 80' lang='grc' dir='ltr'><strong><em>αἰὲν</em></strong></span> <span class='ocrx_word' id='word_1_295' title='bbox 472 2823 561 2867; x_wconf 86' lang='lat' dir='ltr'>legit</span> <span class='ocrx_word' id='word_1_296' title='bbox 585 2822 787 2867; x_wconf 86' lang='lat' dir='ltr'>Vergilius;</span> <span class='ocrx_word' id='word_1_297' title='bbox 814 2819 892 2856; x_wconf 83' lang='grc' dir='ltr'>οἷον</span> <span class='ocrx_word' id='word_1_298' title='bbox 917 2821 1011 2866; x_wconf 87' lang='lat' dir='ltr'>vulg.</span> 
     </span>
    </p>
   </div>
  </div>
 </body>
</html>
