2088 3268
1065 172 1200 218 ‚12

527 285 571 340 2)
603 300 642 330 a.
660 285 717 330 V.
734 286 791 330 85
811 286 956 345 (omen
977 287 1199 345 serpentis
1222 288 1390 346 septies
1410 290 1565 332 tortae
1585 308 1641 325 =
1662 291 1710 330 B.
1724 288 1809 331 308
1819 287 1933 345 sqq.)

412 353 455 399 S.
490 354 620 409 ,hunc
661 355 807 399 locum
848 356 904 400 de
936 356 1127 400 Homero
1158 357 1369 414 sumpsit,
1414 357 1491 414 qui
1528 356 1702 400 inducit
1732 355 1930 402 Graecos

411 423 531 481 apud
572 424 784 468 Aulidem
827 440 954 470 omen
996 425 1141 469 fnturi
1180 426 1435 470 decennalis
1476 425 1586 469 belli
1625 440 1680 468 ex
1722 428 1932 483 serpente
2015 483 2018 487 ἢ

411 492 647 549 collegisse
662 526 672 546 ,
724 494 798 549 qui
845 494 982 537 etiam
1031 496 1223 538 matrem
1268 494 1544 552 consumpsit
1590 509 1751 539 novem
1792 493 1931 552 pullis

411 562 620 605 comesis:
666 561 735 605 ita
779 576 886 619 ergo
932 578 1049 607 nunc
1090 563 1228 607 etiam
1257 564 1439 608 Aeneae
1482 578 1609 609 omen
1652 564 1721 608 sui
1759 563 1931 608 erroris

411 629 667 675 ostenditur
698 634 871 688 septem
899 633 1053 689 gyris:
1094 647 1196 676 nam
1236 633 1451 690 septimus
1484 634 1524 677 ei
1555 648 1696 677 annus
1727 635 1800 677 est
1828 632 1930 676 finis

410 700 609 743 erroris‘.
632 726 689 731 —
710 701 809 744 Iam
840 715 895 744 ex
925 701 993 745 his
1016 701 1166 746 verbis
1189 704 1383 760 apparet
1401 702 1654 760 Vergilium
1676 702 1731 746 de
1744 702 1931 746 Homeri

409 769 602 813 carmine
630 785 771 827 paene
801 770 914 813 nihil
946 771 1210 828 ,sumpsisse‘
1240 771 1329 814 nisi
1350 774 1622 828 serpentem,
1660 785 1773 829 quae
1804 785 1931 815 omen

407 837 590 895 aliquod
630 839 884 895 praeberet.
957 839 1086 894 Quod
1124 842 1375 884 monstrum
1403 840 1635 885 horridum
1665 840 1784 898 apud
1814 840 1931 884 Ver-

406 906 565 963 gilium
606 909 761 952 multis
793 909 943 952 verbis
987 910 1268 953 describitur.
1338 909 1427 954 Sed
1467 925 1610 968 neque
1653 925 1759 954 aves
1811 909 1929 954 ullas

408 977 629 1022 consumit
673 993 815 1036 neque
862 994 889 1023 a
928 979 1036 1023 Iove
1078 980 1124 1022 in
1166 979 1362 1036 lapidem
1403 983 1716 1024 commutatur.
1792 980 1931 1024 Omen

408 1046 589 1104 Vergili
633 1049 891 1092 continetur
937 1052 1108 1106 septem
1148 1049 1302 1105 gyris,
1348 1049 1535 1093 Homeri
1578 1064 1738 1093 novem
1779 1048 1929 1108 pullis.

407 1116 496 1170 Qui
527 1117 589 1161 sit
620 1132 776 1162 sensus
809 1118 979 1171 ominis,
1012 1118 1236 1162 nescitur:
1279 1119 1358 1163 sed
1386 1119 1592 1176 legentes
1624 1119 1830 1163 divinant
1859 1122 1928 1162 at-

407 1189 558 1230 tracto
589 1186 777 1230 Homeri
809 1188 1023 1245 exemplo.

522 1270 567 1326 3)
598 1285 637 1314 a.
670 1271 726 1314 V.
759 1272 844 1314 517
876 1271 948 1328 (cf.
978 1272 1101 1315 infra
1129 1287 1171 1329 p.
1207 1272 1291 1327 17).
1326 1271 1376 1315 S:
1411 1286 1531 1325 ‚sane
1563 1271 1787 1315 sciendum
1815 1271 1931 1315 hunc

406 1342 554 1384 totum
594 1341 739 1384 locum
776 1342 830 1385 ab
863 1341 1055 1385 Homero
1096 1356 1193 1385 esse
1234 1344 1470 1399 sumptum,
1515 1342 1631 1384 unde
1671 1342 1816 1386 inanis
1860 1345 1933 1385 est

408 1410 685 1467 vituperatio
704 1410 900 1464 Aeneae,
933 1411 1051 1468 quod
1073 1411 1371 1468 suspenderat
1402 1425 1530 1455 avem
1558 1413 1821 1454 maternam‘
1856 1411 1929 1468 (cf.

408 1479 554 1523 Schol.
601 1480 787 1535 Veron.)
833 1506 882 1511 —
927 1481 1082 1523 Verba
1129 1481 1362 1538 pertinent
1410 1480 1469 1523 ad
1514 1482 1661 1523 totum
1707 1483 1932 1525 certamen

406 1549 671 1605 sagittandi,
704 1549 822 1606 quod
854 1550 911 1592 ad
940 1549 1125 1592 Homeri
1155 1549 1406 1606 exemplum
1436 1551 1572 1607 poeta
1602 1548 1747 1592 finxit.

522 1632 566 1687 4)
598 1647 637 1676 a.
678 1633 760 1676 XI.
801 1633 886 1676 483
928 1633 1154 1689 (Feminae
1196 1633 1500 1676 Laurentinae
1542 1632 1788 1675 Minervam
1829 1647 1928 1689 pre-

407 1701 597 1758 cantur).
660 1702 808 1746 Serv.:
854 1703 989 1756 ,Haec
1032 1706 1183 1746 autem
1223 1702 1363 1746 omnis
1404 1701 1552 1746 oratio
1584 1702 1819 1746 verbum
1860 1702 1929 1746 ad

407 1774 546 1816 verb
561 1788 641 1816 um
678 1773 733 1816 de
764 1773 959 1817 Homero
991 1773 1219 1816 translata
1249 1775 1332 1816 est‘
1371 1773 1442 1828 <Z.
1465 1773 1550 1815 305
1562 1771 1677 1829 sqq.)
1709 1774 1756 1815 et
1784 1771 1927 1815 infra:

407 1858 449 1884 v.
480 1843 568 1885 484
600 1842 774 1899 ,frange
805 1857 938 1885 manu
969 1842 1129 1886 telum:
1170 1841 1395 1885 Homerus
1427 1838 1533 1894 ἆξον
1573 1842 1629 1896 δὴ
1668 1843 1795 1897 ἔγχος
1824 1845 1930 1883 Διο-

407 1912 596 1966 μήδεοςι.
630 1927 671 1954 v.
704 1912 790 1955 485
823 1927 1022 1969 ,pronum
1054 1916 1207 1955 sterne
1239 1911 1359 1955 solo:
1402 1911 1623 1955 Homerus
1654 1909 1822 1965 πρηνέα
1853 1911 1932 1960 δὸς

408 1980 609 2025 πεσέεινί.
658 1981 905 2039 ,portisque
951 1981 1129 2024 effunde
1175 1981 1253 2024 sub
1300 1980 1430 2024 altis:
1486 1979 1708 2022 Homerus
1751 1982 1930 2021 Σκαιῶν

409 2053 687 2106 προπάροιθε
731 2052 940 2093 πυλάωνί.
1015 2050 1084 2094 Cf.
1125 2049 1320 2092 Macrob.
1354 2049 1408 2092 V.
1439 2049 1554 2092 3.1O
1594 2048 1717 2092 inter
1760 2062 1931 2102 ,versus

409 2121 475 2165 ad
507 2121 742 2165 verbum
772 2135 949 2177 paene
980 2119 1261 2163 translatos‘.

525 2231 582 2236 —
613 2204 886 2262 Conspirant
916 2206 1054 2248 verba
1084 2218 1111 2246 a
1142 2203 1301 2247 Servio
1333 2204 1515 2253 notata,
1556 2203 1732 2259 reliqua
1769 2202 1929 2246 discre-

410 2278 541 2332 pant;
575 2275 673 2331 ipsa
702 2274 928 2318 invocatio
959 2273 1127 2330 triplex
1148 2272 1324 2330 quidem
1356 2275 1427 2316 est
1455 2277 1508 2316 ut
1538 2272 1656 2330 apud
1677 2272 1930 2324 Homerum,

412 2344 489 2388 sed
529 2344 677 2388 verbis
719 2343 899 2388 variata
941 2343 1274 2399 (Armipotens,
1322 2355 1504 2398 praeses
1544 2341 1675 2394 belli,
1723 2339 1933 2383 Tritonia

412 2415 565 2471 virgo:
598 2413 734 2456 πότνι’
765 2413 989 2467 Ἀθηναίη,
1023 2412 1268 2467 ῥυσίπτολι,
1302 2412 1376 2458 δῖα
1405 2411 1585 2468 θεάων).

677 2544 717 2596 β.
762 2541 850 2584 1οοὶ
880 2541 956 2599 qui
986 2540 1196 2584 dicuntur
1228 2539 1471 2593 ‚Homeri
1502 2541 1652 2583 esse‘.

528 2643 571 2699 1)
603 2612 642 2687 a.
662 2641 716 2686 V.
739 2642 825 2686 808
855 2641 1111 2699 (Neptunus
1142 2642 1305 2684 narrat
1336 2640 1506 2684 Veneri
1537 2639 1730 2694 roganti,
1763 2641 1932 2695 quanto

413 2713 563 2757 studio
608 2714 704 2769 ipse
749 2712 932 2754 Aeneae
977 2711 1121 2753 fuerit
1165 2709 1333 2753 auxilio
1382 2708 1441 2752 ad
1482 2706 1713 2751 Xanthum
1756 2708 1931 2751 flumen.

413 2782 543 2836 Quod
559 2781 778 2824 Homerus
799 2782 960 2824 narrat
989 2783 1032 2822 Y.
1061 2779 1144 2822 318
1160 2778 1287 2836 sqq.).
1336 2777 1404 2821 S.:
1438 2777 1597 2828 ‚omnia
1621 2776 1730 2820 haec
1751 2776 1934 2820 Homeri

412 2854 546 2894 sunt‘.
