2088 3268
1074 165 1131 208 50

334 295 437 324 nem
481 280 637 334 efficit,
683 295 794 338 quae
841 296 1056 325 summum
1100 281 1289 338 gradum
1331 281 1589 339 assequitur
1634 298 1698 333 eo,
1723 308 1725 310 -
1751 281 1868 340 quod

338 352 479 395 amnis
511 367 699 395 amoena
730 353 947 396 sermonis
989 354 1201 396 ubertate
1233 353 1521 405 describitur,
1562 353 1700 397 aliter
1731 357 1867 410 atque

336 420 577 464 Lucretius
608 415 730 464 fecit.

454 490 714 547 Sequuntur
747 507 920 545 versus,
964 506 1149 548 quorum
1181 491 1408 540 nonnulla,
1454 491 1572 547 quod
1602 492 1659 534 ad
1691 507 1867 535 sensum

338 560 521 611 attinet,
569 560 756 603 Lucreti
798 561 992 604 carmine
1036 560 1236 604 excitata
1278 560 1493 604 videntur
1534 575 1643 604 esse.
1704 576 1745 604 v.
1782 561 1866 604 529

338 644 436 672 cum
468 629 517 671 L.
541 630 597 673 V.
631 632 717 672 945
749 631 824 683 (cf.
856 631 1049 673 Macrob.
1083 630 1165 673 VI.
1202 631 1239 672 1.
1272 631 1345 686 64)
1377 631 1453 672 vix
1485 631 1737 687 comparari
1765 633 1864 687 pot-

338 705 420 747 est,
463 714 560 742 cum
601 691 834 756 Vergilius
878 699 1005 757 quasi
1051 701 1104 744 ut
1144 699 1345 744 homines
1392 699 1535 743 faciat
1576 699 1764 757 pecudes
1810 701 1864 743 ab

337 769 539 824 agricola
582 770 771 812 dilectos
818 773 954 826 atque
1000 770 1068 812 ita
1112 785 1205 811 rem
1236 784 1398 811 novam
1443 770 1617 812 reddat.
1679 768 1766 812 Sed
1812 773 1866 811 ut

337 838 578 881 Lucretius
612 854 652 881 v.
688 839 799 880 1216
840 844 1112 882 narraverat
1155 853 1261 881 aves
1292 853 1381 881 non
1425 838 1480 881 ad
1513 853 1696 882 acervos
1738 838 1864 882 cada-

339 922 496 950 verum
526 907 654 949 adire
685 922 816 950 ausas
850 922 960 960 esse,
990 908 1058 950 ita
1089 908 1207 963 apud
1223 907 1479 962 Vergilium
1509 907 1639 962 lupus
1673 908 1863 950 ovilibus

338 976 726 1034 approprinquare
755 976 948 1020 desistit.
1001 976 1153 1020 Etiam
1184 991 1327 1030 canes,
1361 975 1416 1019 de
1448 975 1604 1033 quibus
1624 976 1862 1020 Lucretius

335 1046 539 1104 loquitur
570 1062 610 1089 v.
650 1047 775 1098 1222,
808 1047 1074 1103 pestilentia
1104 1047 1313 1090 laborare
1337 1045 1569 1100 Vergilius
1599 1047 1668 1090 ita
1697 1047 1861 1100 reddit,

336 1118 387 1159 ut
428 1117 625 1161 dammas
669 1118 764 1161 sine
804 1116 965 1159 timore
1004 1131 1144 1173 usque
1186 1117 1242 1160 ad
1285 1116 1438 1162 domos
1481 1117 1687 1161 accedere
1728 1117 1860 1160 dicat.

338 1186 557 1229 Similiter
600 1187 655 1229 de
697 1187 855 1229 avibus
900 1186 1108 1241 (Mam-ob.
1157 1188 1180 1240 ἓ
1215 1187 1284 1241 14)
1327 1188 1507 1231 diverso
1548 1187 1677 1229 modo
1722 1190 1864 1243 agunt

332 1257 498 1313 poetae
530 1258 576 1298 et
605 1256 661 1299 de
683 1256 891 1298 vanitate
921 1255 1232 1298 remediorum.
1266 1256 1749 1314 ubiVergiliusversu
1778 1257 1864 1300 550

332 1326 584 1368 nominibus
620 1325 817 1382 propriis
851 1325 1006 1368 allatis
1038 1325 1173 1367 etiam
1203 1325 1423 1368 Graecum
1456 1327 1648 1370 colorem
1678 1326 1863 1368 carmini

333 1395 443 1438 dare
475 1394 644 1438 studet.
707 1394 833 1437 Finis
866 1408 1041 1451 quoque
1070 1393 1242 1437 alienus
1276 1399 1346 1438 est
1379 1409 1406 1438 a
1436 1395 1623 1439 Lucreti
1654 1396 1858 1439 carmine.

447 1465 735 1522 comparatis
768 1465 913 1519 igitur
954 1463 1189 1520 utriusque
1221 1470 1383 1520 poetae
1416 1465 1525 1508 locis
1568 1468 1716 1509 mente
1747 1481 1860 1509 com-

331 1533 596 1591 plectamur,
638 1535 796 1591 quibus
840 1535 974 1577 rebus
1015 1533 1277 1576 concinant:
1320 1534 1390 1577 hic
1431 1534 1525 1577 illic
1555 1535 1738 1578 Lucreti
1769 1550 1858 1579 ser-

332 1619 503 1647 monem
549 1604 705 1647 afferri
757 1618 782 1645 a
829 1603 1035 1659 Vergilio
1083 1604 1389 1658 eognovimus3
1444 1604 1578 1646 etiam
1623 1605 1859 1647 nonnullas

332 1672 651 1729 descriptionis
682 1675 841 1729 partes
874 1672 931 1714 ad
960 1671 1188 1729 exemplar
1220 1672 1408 1716 Lucreti
1440 1673 1582 1716 finxit.
1645 1674 1731 1718 Sed
1763 1688 1857 1717 sae-

330 1744 429 1799 pius
462 1742 580 1785 tales
626 1742 952 1799 descriptiones
995 1741 1069 1785 vel
1113 1742 1170 1785 ad
1199 1757 1362 1785 novam
1407 1757 1499 1785 rem
1530 1743 1773 1787 transtulit
1803 1769 1858 1775 —

330 1815 383 1856 ut
417 1813 593 1855 omnino
626 1812 680 1855 de
713 1811 869 1855 bestiis
913 1812 1021 1867 agit,
1056 1827 1144 1855 non
1175 1812 1230 1855 de
1260 1812 1512 1856 hominibus
1545 1839 1596 1844 -
1630 1814 1703 1857 vel
1733 1816 1856 1858 totas

329 1882 682 1925 transformavit
713 1881 791 1934 ita,
825 1883 878 1923 ut
908 1872 1068 1923 nomen
1099 1883 1277 1923 tantum
1308 1882 1374 1924 rei
1407 1883 1619 1935 tenuisse,
1664 1883 1857 1940 descrip-

329 1952 500 1994 tionem
546 1951 620 1993 vel
664 1951 884 1994 actionem
930 1951 997 1992 rei
1039 1951 1183 2006 ipsum
1230 1952 1560 2006 excogitavisse
1604 1952 1857 2008 Vergilium

330 2021 514 2062 credere
555 2020 713 2076 possis,
777 2019 1020 2062 Praeterea
1063 2019 1167 2061 ordo
1200 2020 1342 2063 totius
1386 2019 1701 2077 descriptionis
1733 2020 1856 2064 nullo

327 2090 455 2133 modo
497 2105 594 2133 cum
626 2090 812 2133 Lucreti
854 2091 1148 2146 dispositione
1192 2091 1415 2145 congruit.
1476 2090 1564 2134 Sed
1607 2105 1662 2133 ne
1708 2091 1855 2145 negle-

328 2174 498 2216 gamus,
534 2159 652 2217 quod
681 2159 997 2215 gravissimum
1029 2162 1123 2202 est:
1170 2158 1402 2215 Vergilius
1435 2161 1582 2203 totam
1620 2159 1856 2203 materiam

327 2229 465 2272 aliter
505 2228 743 2271 tractavit.
804 2228 1044 2271 Lucretius
1086 2228 1202 2270 enim
1244 2227 1289 2270 id
1322 2231 1635 2285 spectaverat,
1678 2231 1731 2271 ut
1762 2243 1856 2272 rem

326 2300 482 2355 ipsam,
526 2301 694 2355 quanto
737 2297 900 2340 fuisset
931 2301 1110 2341 terrore
1155 2301 1411 2354 quantaque
1441 2292 1687 2351 foeditate,
1733 2299 1853 2341 veris

327 2367 552 2411 coloribus
583 2367 863 2424 depingeret.
912 2367 1146 2424 Vergilius
1178 2369 1328 2410 autem
1359 2366 1406 2409 id
1437 2381 1588 2423 agens,
1620 2374 1673 2410 ut
1703 2368 1855 2424 turpia

327 2437 466 2480 oculis
497 2437 669 2480 nostris
692 2437 854 2490 absint,
888 2437 1222 2480 miserationem
1252 2438 1454 2479 nostram
1486 2436 1684 2479 excitare
1718 2440 1853 2494 atque

326 2511 427 2550 arte
470 2506 648 2563 poetica
680 2507 835 2549 studet
866 2506 1087 2563 supplere,
1120 2506 1239 2562 quod
1280 2506 1426 2562 pudor
1458 2505 1712 2548 describere
1755 2520 1853 2548 eum

325 2578 467 2621 vetat.
520 2576 682 2636 Itaque
713 2583 936 2633 perpauca
965 2579 1143 2620 tantum
1175 2590 1198 2619 e
1229 2576 1330 2619 tota
1361 2574 1662 2631 descriptione
1687 2574 1853 2619 Lucre-

324 2647 449 2689 tiana
493 2647 540 2690 in
570 2660 749 2689 carmen
792 2661 919 2687 suum
957 2646 1212 2688 transferre
1251 2645 1429 2687 licebat.
1492 2643 1616 2697 Quae
1647 2659 1742 2687 cum
1786 2644 1854 2687 ita

326 2717 444 2770 sint,
477 2731 566 2762 non
597 2716 933 2772 comprobamus
972 2715 1171 2759 Macrobi
1220 2714 1514 2768 sententiam,
1561 2730 1655 2758 cum
1689 2714 1850 2758 dicat:

326 2785 531 2837 ,colorem
573 2787 721 2828 totum
755 2787 803 2827 et
844 2785 1109 2828 liniamenta
1149 2798 1288 2841 paene
1333 2783 1478 2827 omnia
1510 2786 1711 2828 tractata
1755 2787 1853 2827 ess‘e

323 2855 377 2898 de
410 2854 708 2912 descriptione
743 2888 781 2897 ..
815 2855 1029 2897 Lucretii‘
1072 2869 1154 2898 neo
1193 2854 1362 2896 minore
1394 2868 1622 2897 censemus
1667 2853 1854 2897 audacia
