2088 3268
1026 194 1080 236 81

296 315 401 370 (nisi
432 315 554 357 forte
584 313 672 357 iam
702 311 872 355 Ennius
904 309 1032 359 dixit,
1078 307 1196 366 quod
1225 307 1389 349 Furius
1421 307 1636 363 praebet:
1681 322 1814 362 ‚pres-

298 382 476 440 satur‘).
537 382 684 427 Paene
716 380 831 425 enim
872 380 992 424 certe
1024 377 1362 421 demonstratur
1393 378 1441 420 et
1471 375 1583 419 Furi
1622 378 1670 419 et
1701 376 1813 419 Ver-

297 454 380 510 gili
423 454 628 498 versibus
658 452 799 496 verba
843 449 967 506 ,pede
996 453 1089 507 pes‘
1139 448 1201 490 sic
1243 447 1476 490 coniuncta
1516 446 1656 489 fuisse
1697 447 1815 503 apud

298 523 504 567 Ennium.
563 520 759 565 Dubium
789 521 871 572 est,
904 532 962 561 an
981 517 1154 560 Ennius
1186 516 1323 560 fflud:
1357 516 1468 571 ‚viro
1501 516 1584 560 vir‘
1616 516 1815 559 fortasse

299 592 434 635 etiam
473 592 520 634 in
560 588 895 645 insequentibus
933 587 1166 641 habuerim
1211 587 1287 629 sed
1323 586 1554 644 probabile
1595 589 1677 639 est,
1718 602 1814 628 cum

298 660 486 704 Homeri
517 673 696 703 versum
726 657 930 701 imitatus
972 655 1086 698 illud
1119 655 1243 713 ‚pede
1272 664 1363 713 pes‘
1395 672 1485 700 non
1515 658 1813 710 substituisse,

301 729 380 772 sed
409 727 637 772 addidisse
668 726 899 781 videatur3
943 730 1180 785 utrumque
1212 726 1326 769 enim
1371 730 1530 783 postea
1560 728 1724 771 Furius
1767 731 1815 771 et

300 797 533 854 Vergilius
566 796 852 851 coniungunt.
905 795 991 840 Sed
1022 811 1293 853 quocumque
1323 797 1451 839 modo
1483 812 1556 840 res
1589 812 1634 840 se
1664 797 1812 850 habet,

300 866 426 909 illum
457 880 647 919 versum,
680 865 755 922 qui
784 866 838 907 ab
870 865 1063 908 Homero
1094 866 1302 908 inventus
1336 869 1382 908 et
1412 880 1439 908 a
1459 866 1635 908 Latinis
1667 867 1812 922 poetis

300 936 553 980 translatus
586 936 833 992 iterumque
863 935 1085 979 formatus
1116 935 1203 979 iam
1234 951 1288 979 ex
1309 936 1507 993 antiquis
1537 936 1814 993 temporibus

301 1004 467 1064 publici
512 1004 623 1048 iuris
671 1006 773 1047 erat
818 1004 935 1063 apud
978 1006 1134 1063 poetas
1180 1004 1353 1061 epicos,
1400 1005 1535 1047 etiam
1581 1005 1813 1061 Vergilius

296 1064 489 1120 'maxime
513 1090 812 1130 compressum
842 1076 898 1117 ad
920 1089 1094 1119 carmen
1125 1090 1249 1117 suum
1274 1075 1575 1118 exornandum
1597 1075 1814 1118 adhibuit.

418 1143 460 1200 6)
492 1142 710 1188 Similiter
741 1158 813 1187 res
845 1157 891 1187 se
922 1143 1056 1186 habet
1086 1142 1174 1187 alio
1206 1157 1363 1186 versu:

417 1228 461 1269 g.
492 1214 553 1255 ΙΙ.
586 1214 641 1254 43
673 1221 720 1256 et
750 1228 788 1255 a.
824 1214 902 1256 VI.
936 1213 1032 1254 625.
1093 1213 1195 1254 Non
1227 1212 1331 1254 mihi
1363 1213 1399 1254 si
1429 1213 1609 1268 linguae
1640 1222 1816 1256 centum

306 1283 398 1327 sint
428 1296 594 1339 oraque
626 1285 815 1336 centum,

610 1352 780 1393 Ferrea
810 1365 909 1392 vox.
1027 1351 1096 1392 De
1127 1365 1211 1405 quo
1244 1365 1378 1392 versu
1408 1351 1516 1392 haec
1547 1352 1815 1393 traduntur:

425 1422 463 1474 1)
493 1421 628 1463 Macr.
662 1420 741 1463 VI.
774 1420 813 1462 3.
836 1419 875 1461 6.
935 1418 1120 1463 Homeri
1151 1422 1243 1463 est:
1284 1420 1356 1475 (B.
1388 1418 1494 1476 489>
1536 1420 1628 1464 οὐδ’
1664 1425 1707 1463 εἰ
1742 1438 1816 1475 μοι

306 1490 409 1532 δέκα
439 1488 519 1545 μὲν
551 1493 758 1543 γλῶσσαι,
790 1489 894 1530 δέκα
924 1487 972 1530 δὲ
1003 1489 1177 1543 στόματ’
1210 1486 1311 1530 εἷεν.

417 1560 532 1602 hunc
575 1565 750 1602 secutus
791 1558 1034 1601 Hostius
1074 1561 1210 1615 poeta
1251 1559 1299 1601 in
1328 1558 1357 1601 1.
1389 1558 1451 1601 Π.
1483 1558 1590 1602 belli
1629 1559 1818 1603 Histrici

1089 1627 1222 1671 dicit:
1254 1643 1342 1671 non
1375 1628 1411 1671 si
1443 1628 1549 1671 mihi
1580 1628 1760 1685 linguae

419 1701 594 1742 centum
625 1700 760 1754 atque
793 1712 872 1740 ora
905 1697 1021 1740 sient
1052 1698 1242 1741 totidem
1272 1705 1490 1754 vocesque
1520 1698 1731 1755 liquatae.

419 1767 521 1810 hinc
552 1767 784 1822 Vergilius
817 1768 907 1809 ait:
939 1766 1042 1809 Non
1073 1800 1109 1809 ..
1143 1777 1331 1809 centum.

422 1837 462 1890 2)
495 1835 667 1879 Contra
698 1835 832 1879 Macr.
866 1836 920 1879 V.
953 1837 991 1878 7.
1026 1835 1090 1878 16.
1133 1840 1362 1893 comparat
1406 1836 1548 1879 solum
1589 1837 1817 1880 Homeri

304 1907 354 1948 B.
387 1906 627 1948 488—490.

421 1975 463 2030 3)
505 1975 659 2018 Aliter
706 1975 887 2018 Servius
934 1974 1001 2017 ad.
1051 1989 1088 2018 a.
1123 1975 1205 2018 VI.
1250 1976 1334 2017 625
1377 1975 1511 2019 dicit:
1557 1975 1819 2019 Lucretii

306 2060 459 2088 versus
493 2045 696 2089 sublatus
728 2044 782 2087 de
812 2044 1020 2097 Homero,
1053 2044 1132 2087 sed
1164 2052 1293 2098 ,aera·
1327 2060 1415 2088 vox
1447 2045 1573 2088 dixit.
1637 2045 1819 2102 (Similis

304 2115 478 2158 notatio
522 2117 593 2157 est
634 2129 677 2170 g.
708 2114 770 2156 ΙΙ.
802 2114 871 2167 43,
915 2114 993 2157 ubi
1033 2113 1194 2157 falsum
1238 2114 1398 2158 lemma
1441 2118 1486 2157 et
1528 2119 1688 2168 ‚aenea‘
1732 2116 1818 2157 iam

305 2184 502 2227 correxit
522 2183 847 2227 Lachmannus:
881 2184 1096 2236 ‚Lucretii
1117 2198 1288 2235 versus,
1322 2184 1400 2227 sed
1431 2184 1510 2227 ille
1542 2188 1698 2237 ‚aerea‘
1732 2200 1819 2226 vox

305 2252 384 2305 ait,
415 2267 504 2295 non
534 2251 731 2307 ferrea‘).

421 2324 464 2374 4)
497 2321 594 2363 Huc
624 2321 839 2365 accedunt
872 2321 1040 2364 scholia
1054 2321 1329 2365 Veronensia
1362 2325 1408 2365 et
1428 2322 1675 2374 Bemensia‚
1708 2337 1819 2378 quae

306 2390 541 2434 Ennium
571 2389 781 2433 laudant:
815 2389 912 2433 Seh.
932 2390 1036 2432 Ver.
1068 2405 1110 2446 g.
1143 2390 1204 2431 Π.
1239 2391 1307 2432 43.
1361 2391 1634 2444 ,Homericus
1666 2405 1819 2435 sensus

307 2459 472 2503 Graeci
500 2460 663 2516 poetae
693 2459 810 2501 sicut
841 2461 888 2502 et
915 2459 1086 2501 Ennius
1118 2459 1196 2514 (cf.
1231 2459 1406 2502 Vahlen
1436 2460 1492 2502 A.
1526 2460 1655 2515 561>2

420 2528 524 2572 Non
558 2527 595 2571 si
625 2527 780 2584 lingua
809 2527 932 2584 loqui
964 2531 1143 2585 saperet
1176 2529 1323 2581 quibus
1354 2542 1431 2570 ora
1464 2528 1611 2571 decem
1644 2529 1735 2571 sint

420 2597 475 2640 In
505 2613 734 2650 numerum,
766 2597 890 2640 ferro
922 2612 996 2640 cor
1027 2597 1089 2640 sit
1119 2600 1360 2654 pectusque
1394 2597 1673 2641 revinctum‘.

422 2665 567 2710 Schol.
590 2667 741 2710 Bern.:
775 2680 875 2717 ,non
904 2665 1026 2721 mihi]
1061 2668 1108 2709 et
1127 2666 1313 2723 reliqua.
1360 2666 1623 2709 Homericus
1647 2681 1818 2721 sensus;

307 2735 370 2778 sic
400 2736 536 2779 etiam
566 2736 760 2779 Ennius:
795 2735 886 2778 Ora
916 2735 1090 2778 decem‘.

423 2804 547 2862 Ergo
579 2807 684 2848 ante
715 2804 965 2861 Vergilium
1004 2804 1170 2848 imitati
1201 2807 1331 2847 erant
1365 2805 1605 2848 Homerum
1635 2805 1819 2857 Ennius,

307 2874 507 2923 Hostius,
541 2875 723 2928 tertius,
765 2874 840 2931 qui
868 2890 958 2917 non
986 2874 1241 2928 Lucretius,
1288 2874 1366 2917 sed
1398 2874 1595 2917 Lucilius
1641 2875 1821 2919 videtur

1514 2946 1540 2986 6
