2088 3268
1086 156 1114 197 8

453 268 524 313 Ea
553 284 667 326 quae
698 271 948 326 sequuntur
978 269 1297 312 tractationem
1327 268 1610 312 Homericam
1640 269 1695 312 ab
1726 268 1857 313 initio

337 338 450 396 (cap.
482 337 802 396 XVH.1sqq.)
834 339 882 381 et
911 352 1026 382 novo
1058 352 1165 381 sono
1199 337 1378 394 Vergili
1414 336 1540 381 laudi
1570 339 1856 382 obtrectante

338 410 387 452 et
432 407 703 452 transitione
751 407 945 451 molesta
993 422 1214 452 novorum
1258 400 1451 451 fontium
1497 407 1857 465 compilationem

337 477 536 534 produnt
554 476 599 533 ⁸).
660 476 802 521 Porro
834 477 990 534 agitur
1026 476 1081 521 de
1110 476 1435 534 Apollonio
1466 477 1691 521 Rhodio
1724 480 1772 522 et
1802 478 1857 521 de

335 547 610 600 Pindaro;
654 543 746 604 quij
772 546 895 590 locus
940 561 964 590 e
1004 546 1126 590 Gelli
1158 546 1214 590 N.
1247 547 1303 590 A.
1344 546 1855 605 XV11.10.exsoriptus

337 619 420 662 est.
482 616 521 659 E
552 616 739 674 reliquis
780 616 969 673 denique
1008 617 1138 660 huius
1168 617 1277 660 libri
1307 617 1528 673 capitibus
1558 617 1640 659 hoc
1670 630 1854 660 comme-

335 685 588 729 moratione
609 685 791 741 dignum
814 687 899 737 est,
922 685 1040 742 quod
1059 700 1195 728 unum
1214 700 1392 730 versum
1413 685 1471 742 (g.
1490 685 1529 729 1.
1545 685 1648 742 437)
1665 676 1852 731 Graecis

334 754 588 798 nominibus
612 755 907 811 compositum
926 755 985 798 ad
1004 754 1040 797 P
1052 754 1287 797 artheni
1317 755 1547 812 exemplar
1566 755 1738 799 factum
1758 769 1854 798 esse

335 823 575 867 secundum
616 823 814 867 Gellium
843 824 976 868 XIII.
995 824 1052 867 27
1093 823 1344 868 Macrobius
1388 827 1599 879 annotat;
1645 840 1758 882 quae
1800 825 1855 868 de

331 894 592 949 tragicis
625 894 772 951 poetis
795 894 1099 950 proferuntur,
1132 908 1269 951 supra
1298 909 1340 951 p.
1363 894 1390 937 6
1421 908 1522 938 ann.
1544 894 1571 937 2
1602 895 1850 940 attulimus.

449 962 533 1007 His
556 963 808 1007 observatis
826 968 1018 1021 apparet
1033 964 1310 1007 Macrobium
1326 978 1457 1006 unam
1473 964 1852 1019 dissertationem,

332 1046 421 1090 qua
462 1033 755 1076 tractabatur
801 1032 1039 1077 Homerica
1081 1032 1276 1077 imitatio
1323 1035 1371 1078 et
1414 1033 1502 1078 iam
1544 1050 1852 1079 commemora-

333 1104 501 1146 bantur
533 1102 801 1145 Theocritus
842 1102 1066 1145 Hesiodus
1106 1102 1301 1154 Aratus,
1347 1103 1525 1146 auxisse
1566 1103 1666 1146 aliis
1707 1104 1852 1162 poetis

333 1171 503 1227 allatis,
536 1186 726 1230 quorum
756 1170 811 1216 de
843 1171 1013 1216 duobus
1045 1171 1260 1229 (Pindaro
1283 1176 1330 1216 et
1351 1172 1614 1230 Parthenio)
1641 1169 1851 1227 Gellium,

333 1242 387 1285 de
419 1243 590 1285 duobus
625 1242 812 1297 reliquis
844 1241 1080 1297 (Pisandro
1112 1244 1161 1284 et
1190 1241 1433 1298 Apollonio
1454 1241 1508 1297 ⁹))
1538 1241 1718 1298 ignotos
1750 1256 1849 1286 auc-

332 1314 457 1356 tores
489 1310 615 1355 adiit.
676 1310 831 1369 Atque
863 1310 1229 1356 dissertationem
1271 1311 1397 1355 illam
1426 1311 1706 1355 Homericam
1736 1313 1853 1355 veri-

332 1381 477 1423 simile
524 1384 595 1423 est
642 1383 788 1423 ortam
835 1393 933 1423 esse
979 1394 1002 1422 e
1051 1379 1380 1422 commentariis
1426 1379 1679 1435 veteribus;
1735 1380 1851 1424 unde

332 1448 574 1506 exscripsit
603 1451 762 1492 auctor
801 1448 923 1492 locos
964 1463 1046 1506 per
1076 1448 1296 1492 librorum
1332 1452 1379 1492 et
1410 1463 1621 1491 versuum
1653 1449 1852 1493 ordinem

330 1533 421 1562 una
450 1533 550 1562 cum
578 1518 742 1561 iudicio
775 1519 831 1562 ab
862 1518 1190 1575 interpretibus
1221 1518 1342 1564 facto
1374 1520 1511 1575 atque
1542 1518 1733 1575 digessit
1762 1533 1852 1563 ma-

331 1587 494 1632 teriam
512 1587 560 1630 in
581 1590 677 1631 tres
699 1592 868 1644 partes.
915 1587 1004 1641 Qui
1022 1587 1167 1631 fuerit
1187 1587 1265 1630 ille
1287 1589 1458 1641 auctor,
1490 1602 1617 1631 nemo
1639 1587 1761 1632 dicat
1777 1588 1849 1645 10);

331 1723 544 1758 narratione
570 1722 661 1758 adeo
688 1722 767 1759 fere
792 1723 908 1759 nescit
934 1723 1023 1759 scite
1049 1724 1285 1767 coniungere,
1323 1728 1363 1758 ut
1396 1724 1631 1768 interpolatio
1656 1723 1766 1759 facile
1791 1724 1851 1759 ad-

331 1784 550 1827 gnoscatur‘.
1155 1819 1159 1822 ,

449 1842 487 1885 8)
513 1841 711 1885 Postquam
754 1840 848 1875 enim
883 1840 1066 1885 Vergilius
1103 1839 1201 1885 quod
1235 1839 1424 1875 deficiente
1460 1841 1624 1886 exemplo
1659 1841 1850 1877 Homerico

330 1900 491 1945 ineptam
511 1900 690 1935 invenerit
716 1900 803 1935 belli
827 1910 984 1943 causam,
1010 1899 1168 1945 indignis
1196 1900 1315 1935 verbis
1334 1900 1563 1944 vituperatus
1589 1904 1655 1945 est,
1682 1901 1851 1937 transitio

330 1959 425 1994 male
449 1959 490 1993 fit
516 1959 636 1994 verbis
662 1969 756 2002 quae
782 1962 885 1994 sunt:
926 1960 1049 2002 ‚alium
1074 1970 1145 1994 non
1171 1959 1312 1994 frustra
1337 1958 1430 2003 dixi,
1469 1958 1553 2003 quia
1579 1970 1651 1994 non
1677 1958 1721 1995 de
1746 1960 1851 1995 unius

330 2019 484 2053 racemis
520 2017 735 2053 vindemiam
773 2018 843 2054 sibi
888 2017 977 2053 fecit
1015 2046 1022 2052 .
1049 2020 1081 2062 .‘,
1136 2028 1216 2052 cum
1258 2018 1330 2052 iam
1365 2018 1402 2052 in
1435 2018 1540 2053 initio
1576 2018 1620 2053 de
1658 2019 1852 2054 Theocrito

330 2076 491 2112 Hesiodo
516 2080 631 2112 Arato
658 2076 837 2112 Pisandro
863 2076 999 2112 dictum
1024 2077 1082 2113 sit.

450 2138 486 2181 9)
511 2136 608 2171 Illud
633 2136 678 2171 de
703 2136 898 2180 Apollonio
933 2136 1068 2171 dictum
1103 2137 1254 2180 proprie
1288 2136 1409 2170 redire
1444 2135 1491 2170 ad
1525 2136 1663 2171 scholia
1697 2140 1853 2181 apparet

331 2198 542 2239 comparato
569 2195 693 2229 Servio
720 2194 766 2229 ad
792 2205 823 2229 a.
852 2195 911 2229 IV.
927 2197 956 2229 1.
1006 2194 1062 2229 De
1088 2205 1159 2229 uno
1185 2193 1363 2229 Pisandro
1389 2194 1500 2229 dubia
1524 2205 1582 2230 res
1608 2199 1674 2230 est.

451 2266 509 2310 10)
537 2265 640 2308 Quod
674 2265 717 2300 H.
754 2265 871 2300 Linke
908 2266 979 2309 (De
1013 2266 1174 2299 Macrob.
1210 2265 1385 2300 fontibus.
1412 2265 1632 2300 Wratislaw.
1663 2266 1768 2311 1880)
1808 2285 1851 2291 —-

331 2334 436 2368 quem
472 2324 638 2368 sequitur
672 2324 713 2359 G.
742 2324 933 2368 Tolkiehn,
959 2324 1094 2359 Homer
1119 2335 1152 2359 u.
1181 2324 1214 2360 d.
1250 2327 1338 2358 rom.
1374 2324 1513 2369 Poesie,
1548 2324 1660 2369 Lng.
1690 2326 1781 2360 1900
1806 2345 1850 2350 —-

331 2386 439 2427 putat
458 2384 593 2418 Asconi
610 2383 762 2418 Pediani
788 2388 917 2418 contra
934 2384 1199 2418 obtrectatores
1220 2383 1352 2417 librum
1365 2382 1594 2418 Macrobiani
1611 2382 1697 2417 libri
1715 2381 1851 2418 fontem

330 2442 544 2486 primarium
579 2452 679 2485 esse,
715 2443 824 2477 nullis
861 2442 1084 2487 argumentis
1118 2442 1313 2486 probatum
1348 2447 1413 2477 est.
1464 2442 1556 2477 Nam
1582 2441 1719 2476 Donati
1744 2442 1851 2477 Vitae

328 2501 440 2537 verba
478 2512 571 2545 quae
606 2508 691 2537 sunt
726 2503 776 2548 (p.
804 2504 860 2538 66.
887 2505 919 2537 2.
946 2502 1050 2537 Reiff.
1088 2502 1271 2545 Sueton.):
1316 2501 1507 2545 ,Asconius
1541 2501 1723 2535 Pedianus
1756 2501 1851 2535 libro

331 2571 436 2604 quem
462 2565 592 2596 contra
617 2561 884 2596 obtrectatores
910 2560 1064 2605 Vergilii
1089 2560 1255 2605 scripsit,
1288 2571 1407 2605 pauca
1431 2558 1624 2595 admodum
1649 2559 1792 2595 obiecta
1817 2560 1851 2595 ei

330 2620 504 2664 proponit
529 2630 644 2665 eaque
670 2620 768 2656 circa
792 2620 1048 2655 historiam
1074 2619 1163 2663 fere,
1193 2624 1230 2655 et
1255 2619 1352 2663 quod
1377 2620 1552 2664 pleraque
1578 2619 1622 2654 ab
1649 2618 1849 2654 Homero

328 2679 544 2723 sumpsisset
564 2707 570 2714 .
587 2681 618 2722 .‘‚
645 2679 841 2714 Asconium
858 2679 927 2714 hoc
944 2679 1038 2713 libro
1065 2678 1109 2714 de
1127 2678 1311 2714 historicis
1337 2676 1552 2723 quibusdam
1578 2677 1850 2723 quaestionibus

330 2738 368 2783 (i.
396 2748 424 2773 e.
453 2736 497 2773 de
515 2738 776 2783 antiquissimis
794 2738 1018 2783 temporibus
1036 2738 1209 2773 Romanis
1236 2741 1272 2773 et
1297 2737 1341 2773 de
1360 2737 1515 2773 historia
1532 2736 1708 2782 fabulari)
1734 2737 1851 2781 egisse

328 2797 602 2841 demonstrant3
645 2809 717 2842 qua
753 2798 790 2831 in
824 2808 866 2832 re
901 2797 1096 2832 tractanda
1130 2796 1312 2831 interdum
1348 2795 1586 2831 imitationem
1623 2795 1850 2831 Homericam

327 2856 511 2902 attingens
540 2862 685 2901 poetam
713 2855 921 2892 defendisse
947 2855 1091 2891 dicitur.
