2088 3268
913 126 966 168 17

182 245 232 287 et
249 241 440 286 Hectori
459 242 514 286 ab
531 242 670 285 Aiace
691 241 903 295 balteum,
935 255 1048 298 quae
1078 241 1141 285 eis
1173 241 1311 285 exitio
1342 241 1542 284 fuerunt‘
1573 255 1694 297 equs.

182 312 257 370 (cf.
288 311 334 357 S.
366 311 424 356 ad
454 327 496 356 v.
528 311 644 380 647).
686 338 740 345 --
785 325 825 354 a.
857 310 937 354 VI.
968 310 1053 354 468
1083 311 1199 355 Dido
1230 310 1391 367 effugit
1420 309 1620 354 Aeneam
1649 309 1696 352 in

179 381 361 437 inferis3
394 381 444 424 S:
478 382 686 435 ,tractum
716 384 865 423 autem
895 386 965 423 est
993 380 1077 424 hoc
1105 380 1160 423 de
1179 380 1385 432 Homero,
1417 381 1493 436 qui
1523 379 1696 423 inducit

180 450 333 495 Aiacis
364 451 565 494 umbram
594 449 742 493 Ulixis
775 449 996 506 colloquia
1024 449 1289 507 fugientem,
1321 450 1439 508 quod
1470 449 1511 493 ei
1540 449 1695 493 fuerat

179 535 313 565 causa
341 520 518 564 mortis‘
550 519 623 576 (cf.
656 519 794 562 Macr.
825 519 882 563 V.
913 520 952 562 2.
985 519 1068 576 14).
1129 519 1346 564 Similiter
1377 520 1420 563 S.
1454 519 1511 562 ad
1541 533 1580 561 a.
1612 518 1693 561 VI.

180 592 265 635 650
295 594 342 635 et
372 591 469 634 893.
502 615 555 621 —
587 604 626 632 a.
659 589 765 633 VH.
788 589 874 633 280
902 589 957 633 de
988 590 1111 647 equis
1142 590 1350 634 aLatino
1367 591 1548 633 Aeneae
1578 588 1693 632 dono

180 660 313 705 datis.
384 661 438 705 S:
485 660 694 712 ,tractum
724 661 874 702 autem
915 661 987 703 est
1016 660 1070 702 de
1101 660 1296 703 Homero
1338 660 1409 715 <Ε.
1441 659 1570 715 265>,
1617 659 1692 716 qui

180 731 298 775 tales
330 745 465 787 equos
497 715 706 773 habuisse
735 729 907 772 inducit
935 729 1188 773 Anchisen‘.

293 900 423 944 Locis
443 900 685 943 minoribus
705 900 918 957 inspectis
939 900 1242 956 intellegimus
1271 900 1546 955 interpretes
1569 900 1693 941 recte

180 970 356 1028 quidem
401 969 707 1012 observavisse
750 969 852 1013 illos
896 970 1017 1012 locos
1059 969 1208 1026 aliquo
1249 968 1377 1011 modo
1421 968 1478 1011 ad
1508 968 1694 1011 Homeri

179 1038 405 1096 exemplar
445 1038 589 1082 factos
633 1053 752 1092 esse;
799 1044 950 1081 tamen
989 1038 1225 1095 permultis
1265 1037 1373 1080 locis
1416 1037 1692 1080 immodestis

179 1108 329 1153 verbis
361 1108 443 1152 hoc
471 1110 645 1162 notant,
677 1123 773 1151 cum
804 1122 916 1166 quae
947 1107 1178 1165 Vergilius
1221 1106 1494 1161 mutaverit,
1541 1106 1691 1163 negle-

176 1183 304 1235 gant.
377 1178 602 1234 Imprimis
646 1178 763 1234 quod
803 1178 956 1220 dicunt
999 1178 1197 1232 ,verbum
1236 1177 1294 1220 ad
1335 1178 1533 1220 verbum‘
1578 1177 1691 1219 Ver-

177 1248 334 1304 gilium
363 1247 507 1291 locum
536 1246 828 1290 transtulisse
870 1246 944 1290 vel
985 1246 1214 1298 similiter,
1264 1261 1395 1302 saepe
1434 1246 1691 1303 longissime

177 1330 205 1358 a
235 1331 343 1359 vero
374 1316 515 1358 abest.
575 1315 726 1357 Etiam
766 1317 957 1371 apparet
996 1314 1329 1357 similitudinem
1358 1315 1479 1358 inter
1513 1314 1692 1371 Vergili

179 1386 321 1429 locum
354 1388 401 1428 et
432 1383 658 1442 exemplar
687 1384 922 1428 maximam
962 1398 1082 1439 esse,
1128 1384 1205 1427 ubi
1245 1383 1506 1428 scholiastes
1548 1384 1691 1427 locum

178 1454 393 1518 ’Homeri‘
426 1469 522 1496 esse
554 1454 675 1506 dicit,
715 1454 951 1506 minorem,
983 1454 1059 1497 ubi
1091 1454 1422 1506 ,Homericum‘,
1467 1454 1689 1498 minimam

177 1523 255 1568 ubi
285 1539 353 1579 ,ex
382 1523 575 1567 Homero
607 1525 815 1567 tractum‘
849 1537 947 1567 esse
976 1525 1179 1566 annotat.

351 1672 385 1702 c.
446 1657 511 1701 de
541 1657 687 1701 locis
719 1657 1071 1715 quibusdam
1101 1657 1514 1715 amplioribus.

291 1740 346 1782 In
376 1740 593 1783 librorum
623 1740 697 1783 vel
727 1740 926 1783 locorum
956 1740 1219 1796 ampliorum
1248 1740 1575 1797 exemplaribus
1599 1743 1689 1784 sta-

177 1809 357 1853 tuendis
386 1823 516 1867 quam
547 1824 635 1852 non
668 1811 878 1852 accurate
909 1824 1003 1852 rem
1033 1809 1286 1866 significent
1317 1809 1505 1864 scholia,
1545 1810 1689 1868 primo

175 1881 361 1937 aspectu
392 1878 643 1935 intelleges.

291 1948 333 2003 1)
377 1947 573 1990 Primum
613 1948 727 1991 enim
767 1948 885 2005 quod
915 1948 1097 1992 Servius
1141 1948 1251 1991 dicit
1290 1949 1397 1992 libri
1430 1949 1470 1992 V
1513 1955 1688 2006 partem

178 2017 390 2060 maiorem
421 2032 475 2059 ex
505 2017 698 2060 Homero
731 2020 952 2074 sumptam
982 2017 1164 2073 esse¹⁶)‚
1209 2018 1461 2074 Vergilium
1492 2018 1604 2062 alias
1635 2022 1688 2062 ut

174 2087 318 2130 dicam
361 2086 483 2142 leges
525 2086 724 2144 poeticas
768 2088 968 2131 secutum
1009 2101 1127 2131 nova
1166 2087 1270 2131 inde
1314 2088 1560 2132 certamina
1602 2087 1688 2132 sibi

175 2156 355 2199 finxisse
385 2157 432 2199 et
463 2156 661 2199 omnibus
692 2159 846 2199 notum
889 2161 935 2199 et
977 2172 1120 2214 nuper
1148 2157 1327 2200 Heinzii
1358 2158 1618 2215 quaestione
1636 2157 1687 2213 ¹⁷)

175 2225 383 2271 subtilius
414 2225 769 2270 demonstratum
798 2228 880 2271 est.

288 2295 332 2352 2)
375 2295 443 2338 Ac
472 2309 527 2338 ne
560 2296 678 2338 sexti
715 2296 892 2353 quidem
921 2296 1026 2340 libri
1069 2312 1137 2351 ,ex
1166 2297 1360 2341 Homero
1391 2300 1569 2355 partem
1597 2313 1687 2341 ma-

173 2365 314 2409 iorem
344 2367 453 2409 esse‘
496 2389 549 2396 —-
581 2367 632 2408 ut
663 2364 847 2410 Servius
878 2368 1010 2411 notat
1039 2366 1097 2410 ad
1127 2382 1168 2411 v.
1203 2367 1226 2409 1
1259 2393 1315 2398 —
1354 2367 1442 2411 iam
1472 2382 1685 2425 agnosces

294 2524 352 2568 16)
387 2523 421 2558 S.
455 2521 502 2557 ad
535 2522 557 2556 l.
585 2521 626 2556 V.
655 2524 694 2556 1:
721 2522 821 2557 cuius
847 2522 1000 2560 <libri>
1025 2533 1111 2567 pars
1146 2523 1260 2558 maior
1294 2534 1338 2559 ex
1362 2523 1517 2558 Homero
1544 2527 1687 2569 sumpta

173 2585 247 2617 est:
272 2592 356 2616 nam
380 2582 500 2616 omnia
524 2591 617 2625 quae
643 2580 701 2615 hic
726 2585 1000 2626 commemorat,
1035 2582 1253 2617 exhibentur
1285 2582 1381 2617 circa
1416 2583 1595 2617 cumulum
1619 2583 1686 2617 Pa-

172 2639 281 2677 trocli
304 2640 417 2678 <Ψ>
442 2639 513 2676 nisi
538 2637 633 2684 quod
656 2638 731 2675 illic
756 2639 880 2675 curule
906 2643 1106 2686 exercetur,
1132 2640 1190 2676 hic
1207 2640 1335 2676 navale
1353 2644 1546 2676 certamen.
1589 2640 1635 2676 cf.
1662 2642 1686 2677 S

172 2704 210 2734 et
235 2700 345 2734 schol.
371 2700 503 2734 Veron.
529 2699 576 2733 ad
601 2711 631 2732 v.
659 2701 738 2733 517.

292 2760 352 2804 17)
376 2758 524 2802 Heme,
549 2757 691 2803 Vergils
709 2757 854 2803 epische
868 2758 1030 2794 Technik
1055 2770 1090 2805 p.
1119 2760 1186 2794 144
1199 2769 1276 2804 sqq.
1319 2758 1373 2795 Cf.
1391 2759 1477 2805 Leo,
1504 2759 1572 2796 Die
1597 2764 1685 2795 rom.

173 2819 363 2854 Literatur
387 2818 537 2858 (Kultur
561 2816 625 2852 der
651 2817 865 2861 Gegenwart
890 2818 917 2862 1,
944 2818 1039 2853 V111.
1067 2829 1100 2862 p.
1127 2821 1206 2854 367.
1237 2821 1352 2864 1907).

1383 2879 1410 2920 2
