2088 3268
850 125 902 168 51

126 256 226 286 esse
273 241 603 298 interrogatum
653 240 767 283 illud
817 240 855 297 (ξ
905 241 996 297 14);
1051 256 1206 294 ,nonne
1256 241 1383 285 vobis
1430 238 1642 283 videntur

127 312 322 353 membra
349 310 479 352 huius
503 310 817 365 descriptionis
849 325 902 351 ex
931 325 1019 351 uno
1051 310 1176 353 fonte
1198 324 1401 353 manasse
1415 309 1448 351 ‘?‘
1501 308 1643 361 Quam

129 379 429 437 quaestionem
461 380 515 421 ab
546 377 642 436 ipso
674 377 898 421 Macrobio
930 377 1077 421 fictam
1117 393 1212 421 esse
1243 377 1452 435 proditur
1484 391 1644 433 prono-

126 450 242 491 mine
275 448 440 502 ,vobis‘.
504 447 570 491 Cf.
605 462 741 503 supra
771 462 812 504 p.
845 448 911 489 38.

242 530 285 586 6)
316 529 551 573 Postremo
593 528 787 571 Macrob.
821 528 899 572 VI.
933 529 971 571 2.
1005 529 1059 571 29
1104 531 1334 586 comparat
1378 526 1556 583 Vergili
1599 542 1642 583 g.

127 601 162 642 Ι.
198 601 281 643 118
295 615 388 656 sqq.
431 614 527 641 cum
557 598 741 641 Lucreti
772 598 826 641 V.
859 599 942 641 213
955 614 1047 655 sqq.
1107 599 1259 641 Primo
1291 600 1476 655 aspectu
1519 597 1644 639 dubi-

126 670 258 722 tabis,
303 685 360 713 an
392 669 565 711 omnino
598 668 680 719 sit,
727 684 804 711 cur
832 671 1157 725 comparentur.
1220 668 1387 712 Tamen
1428 668 1525 710 veri
1564 667 1643 710 ali—

128 738 233 795 quid
279 739 565 780 observatum
608 742 690 779 est.
751 738 876 780 Dicit
917 738 1031 780 enim
1062 737 1305 793 Vergilius,
1349 744 1402 778 ut
1443 736 1642 779 homines

128 802 296 851 victum
325 822 415 849 non
456 809 751 862 assequantur
788 807 876 849 nisi
919 807 1089 862 magnis
1132 807 1360 849 laboribus
1404 805 1644 861 multisque

127 877 259 918 rebus
305 875 614 927 obstantibus,
662 875 815 917 Iovem
856 875 999 931 ipsum
1045 875 1321 929 instituisse;
1368 876 1473 916 ante
1517 888 1644 930 quem

127 945 279 989 felicia
312 947 516 1002 tempora
547 945 697 988 fuisse.
751 944 924 989 Similes
957 945 1204 988 sententias
1237 944 1354 1001 apud
1384 943 1643 986 Lucretium

128 1014 429 1071 compluribus
461 1014 570 1057 locis
599 1015 870 1067 invenimus,
912 1029 1099 1070 quorum
1129 1014 1259 1056 unius
1299 1016 1476 1070 partem
1506 1014 1646 1055 affert

127 1084 396 1128 Macrobius.
456 1084 695 1127 Lucretius
727 1084 839 1127 enim
871 1084 1103 1140 impugnat
1135 1098 1234 1137 eos,
1278 1084 1353 1139 qui
1383 1083 1537 1126 dicunt
1567 1082 1645 1124 ho-

127 1153 293 1195 minum
325 1153 547 1196 commodo
587 1152 793 1194 mundum
825 1166 851 1194 a
881 1152 948 1194 dis
980 1166 1075 1194 esse
1121 1152 1358 1193 conditum.
1419 1152 1534 1194 Nam
1565 1166 1644 1192 cur

126 1222 379 1266 hominibus
424 1222 589 1265 victum
620 1236 779 1278 magno
820 1221 973 1264 labore
1005 1221 1321 1277 quaerentibus
1361 1222 1434 1263 tot
1465 1235 1537 1263 res
1570 1222 1644 1263 ob-

129 1292 288 1336 stare?
347 1292 594 1344 Quaerenti
637 1291 848 1333 Lucretio
880 1291 1060 1333 videtur
1102 1291 1369 1347 respondere
1401 1289 1643 1346 Vergilius,

128 1377 226 1405 cum
256 1362 401 1405 dieat:
437 1361 587 1415 ,Pater
618 1361 713 1417 ipse
736 1361 906 1404 colendi
936 1360 1057 1403 haud
1086 1360 1261 1404 facilem
1294 1375 1389 1403 esse
1421 1361 1537 1403 viam
1570 1375 1645 1402 vo-

128 1432 242 1485 luit‘,
274 1434 325 1474 ut
355 1431 585 1474 laboribus
619 1433 666 1473 et
696 1431 905 1487 periculis
937 1432 1107 1473 mentes
1136 1430 1359 1473 hominum
1390 1431 1445 1471 ad
1475 1430 1645 1472 inveni-

128 1501 264 1545 endas
311 1503 434 1545 artes
476 1500 790 1544 incitarentur.
854 1500 950 1554 Quo
994 1500 1058 1554 fit,
1099 1501 1153 1542 ut
1193 1515 1274 1557 per
1316 1502 1462 1543 totum
1503 1499 1645 1542 locum

126 1571 197 1613 hic
228 1571 322 1613 illic
352 1570 534 1613 Lucreti
564 1570 760 1625 vestigia
789 1572 1063 1626 appareant:

244 1669 285 1695 v.
321 1653 414 1694 118.
447 1652 541 1694 Nec
571 1654 720 1694 tamen
753 1685 789 1693 ..
823 1650 1000 1693 labores
1034 1671 1086 1686 z
1123 1651 1172 1692 L.
1210 1651 1261 1692 V.
1295 1650 1378 1692 213
1420 1653 1466 1693 et
1495 1653 1645 1693 tamen

134 1757 168 1764 ..
200 1722 393 1765 labores.
454 1721 762 1777 hominumque
804 1722 1019 1777 boumque
1061 1720 1238 1763 labores
1274 1738 1325 1758 m
1357 1720 1407 1762 L.
1441 1720 1500 1762 II.
1534 1720 1645 1761 1156

130 1792 485 1848 conterimusque
516 1792 649 1833 boves
682 1792 728 1832 et
760 1790 878 1832 vires
910 1790 1224 1845 agricolarum.

246 1861 340 1903 122.
374 1875 476 1917 -que
507 1874 587 1915 per
617 1862 761 1902 artem
794 1859 849 1902 cf.
881 1859 930 1901 L.
964 1859 1018 1901 V.
1058 1859 1119 1901 10.

246 1930 342 1970 127.
384 1930 568 1985 ipsaque
608 1929 743 1969 tellus
788 1961 826 1968 ..
867 1928 1057 1969 ferebat.
1101 1946 1153 1965 m
1196 1928 1246 1968 L.
1288 1928 1350 1968 II.
1400 1929 1520 1969 1156.
1567 1928 1645 1969 sed

129 1998 288 2056 genuit
322 1998 458 2042 tellus
491 1990 643 2041 eadem
674 2012 786 2054 quae
814 2012 931 2040 nunc
961 1996 1046 2040 alit
1079 2012 1132 2040 ex
1164 2012 1210 2040 se
1244 2032 1279 2039 ..
1313 1997 1411 2054 ipsa
1441 1996 1577 2040 dedit.

158 2071 161 2073 ’
248 2071 296 2111 et
328 2069 375 2109 L.
410 2068 465 2109 V.
497 2068 594 2109 942.
624 2067 818 2123 plurima
848 2070 944 2109 tum
988 2067 1167 2109 tellus
1210 2067 1346 2109 etiam
1376 2067 1544 2109 maiora
1576 2070 1646 2109 fe-

131 2140 311 2181 rebat.
375 2136 443 2179 Cf.
488 2137 647 2187 etiam,
690 2136 807 2192 quod
850 2150 986 2191 supra
1028 2136 1194 2179 dictum
1238 2143 1305 2179 est
1348 2136 1404 2179 ad
1450 2136 1643 2179 Macrob.

130 2207 215 2251 VI.
264 2211 300 2250 1.
334 2207 412 2259 65,
460 2206 535 2248 ubi
581 2205 765 2249 eundem
810 2205 952 2248 locum
998 2205 1053 2248 V.
1087 2205 1170 2248 937
1186 2221 1275 2263 sqq.
1324 2206 1527 2249 imitatus
1576 2210 1645 2249 est

130 2276 379 2333 Vergilius.
412 2302 462 2306 —
486 2275 586 2318 Non
615 2274 757 2331 igitur
787 2289 921 2317 unum
951 2274 1094 2317 locum
1119 2275 1437 2318 Lucretianum
1468 2282 1646 2318 secutus

133 2349 203 2388 est
218 2345 463 2402 Vergilius,
497 2344 612 2401 quod
641 2346 694 2386 ut
715 2349 915 2399 putemus
932 2344 1133 2386 Macrobi
1164 2345 1483 2401 compositione
1514 2345 1646 2387 facile

132 2415 406 2468 adducimur,
449 2414 526 2458 sed
557 2413 730 2457 omnino
762 2413 945 2456 Lucreti
987 2413 1282 2457 elocutionem
1326 2414 1371 2456 in
1401 2413 1470 2456 his
1512 2416 1645 2457 rebus

133 2484 433 2528 describendis
464 2483 678 2527 usitatam
707 2482 912 2525 imitatus
945 2485 1015 2524 est
1028 2481 1095 2538 4⁶).

252 2638 312 2682 46)
338 2637 537 2681 Vergilium
571 2637 629 2672 via
662 2635 817 2681 quadam
852 2639 887 2670 et
922 2635 1064 2670 ratione
1098 2645 1203 2670 usum
1227 2645 1335 2670 unum
1368 2636 1484 2670 locum
1520 2635 1577 2680 (L.
1604 2635 1645 2669 V.

134 2699 202 2731 206
214 2700 307 2740 sqq.)
346 2696 415 2730 sibi
447 2696 680 2740 proposuisse
716 2695 915 2739 exemplar,
951 2688 1080 2729 deinde
1114 2693 1265 2728 duorum
1300 2695 1453 2729 aliorum
1487 2695 1648 2729 locorum

135 2755 245 2790 verba
271 2755 307 2789 in
345 2755 413 2790 hoc
446 2755 630 2799 exemplar
656 2754 868 2799 (,Vorlage‘)
904 2753 1102 2788 inseruisse
1127 2757 1163 2788 et
1196 2752 1379 2788 effinxisse
1404 2774 1447 2779 —
1470 2752 1517 2797 id,
1553 2752 1648 2796 quod

135 2815 173 2849 P.
201 2814 355 2849 Jahnius
393 2813 578 2849 contendit
601 2814 693 2849 Mus.
721 2813 836 2848 Rhen.
862 2815 918 2856 58,
944 2824 978 2857 p.
1004 2814 1073 2847 405
1099 2833 1144 2838 ——
1178 2813 1246 2847 hoc
1271 2813 1396 2857 paucis
1431 2813 1502 2847 illis
1529 2814 1647 2848 verbis

1314 2873 1371 2915 4*
