2088 3268
1126 211 1184 254 20

397 326 630 384 Vergilius
669 326 778 370 haec
815 326 962 369 omnia
1004 328 1051 369 et
1093 325 1193 369 iura
1230 325 1420 369 iuranda
1458 327 1507 368 et
1545 325 1763 368 sacrificia
1776 323 1828 380 1¹⁵)
1857 323 1914 367 ad

395 410 468 439 res
491 395 716 439 Romanas
747 393 1009 449 transtulit5
1040 398 1279 453 praeterea
1308 408 1405 438 cum
1435 409 1525 438 non
1551 392 1741 439 haberet
1771 407 1915 438 exem-

396 466 518 524 plar,
569 481 654 523 quo
697 467 910 509 uteretur
954 464 1012 508 ad
1054 465 1225 508 Priami
1270 465 1576 508 iusiurandum
1620 463 1913 516 formandum,

399 535 606 580 adhibuit
634 534 877 579 artificiose
908 534 1091 579 Homeri
1123 539 1178 579 A.
1209 534 1296 578 234
1307 549 1416 592 sqq„
1448 533 1503 579 de
1534 549 1619 592 quo
1649 533 1747 578 loco
1779 547 1915 590 supra

397 623 437 662 p.
473 606 528 647 14
542 620 605 661 sq.
639 605 821 660 egimus.

511 673 606 718 Hos
637 673 757 718 locos
802 672 1041 730 ampliores
1072 672 1318 730 inspexisse
1359 672 1472 717 satis
1513 672 1602 717 erit
1641 672 1698 716 ad
1739 671 1915 715 intelle-

394 743 601 799 gendum,
636 757 766 799 quam
796 742 963 799 ineptis
995 742 1145 785 verbis
1186 757 1268 785 nec
1298 742 1473 784 modum
1502 741 1760 785 tenentibus
1791 740 1914 783 scho-

394 812 460 856 lia
505 812 568 867 id,
613 811 731 869 quod
777 814 901 856 recte
948 814 1238 874 observatum
1286 812 1469 870 proprie
1514 811 1571 854 ad
1613 811 1913 854 inventionem

394 884 573 925 tantum
618 882 841 925 historiae
871 881 1086 940 pertinet,
1128 881 1404 940 exprimant,
1446 887 1500 925 ut
1528 881 1800 925 nescientem
1839 879 1915 925 vel

397 952 670 996 testimoniis
714 959 922 1008 egentem
967 952 1103 996 facile
1145 952 1191 995 in
1236 966 1438 995 errorem
1477 951 1702 994 inducant.
1762 950 1914 993 Etiam

396 1022 515 1080 quod
546 1022 599 1065 de
630 1024 730 1065 toto
761 1021 879 1064 libro
910 1021 1075 1064 dicitur
1108 1037 1282 1078 semper
1313 1021 1370 1064 ad
1400 1024 1575 1078 partem
1605 1022 1786 1063 tantum
1814 1034 1913 1076 per-

399 1092 532 1145 tinet,
564 1106 652 1134 uno
683 1090 780 1134 loco
812 1090 869 1134 ad
899 1093 1076 1147 partem
1108 1091 1325 1148 exiguam.

784 1234 832 1279 2.
883 1234 963 1279 De
995 1234 1275 1292 Apollonio
1304 1233 1523 1280 Rhodia

514 1316 718 1373 Quinque
768 1315 878 1359 locis
925 1316 1140 1373 Apolloni
1186 1316 1480 1360 imitationem
1523 1318 1656 1359 notat
1701 1315 1911 1358 Servius:

513 1385 556 1441 1)
587 1400 626 1429 a.
660 1385 722 1428 Il.
745 1385 844 1428 490.
876 1385 1196 1443 amplexaeque
1226 1388 1384 1429 tenent
1412 1387 1565 1443 postes
1597 1387 1733 1442 atque
1765 1384 1915 1429 oscula

393 1455 552 1511 figunt.
606 1453 662 1496 S:
697 1453 943 1510 ,Apollonii
974 1454 1110 1507 locus,
1142 1454 1190 1496 in
1220 1469 1305 1511 quo
1336 1454 1563 1497 inducitur
1594 1454 1752 1497 Medea
1780 1455 1806 1509 †
1834 1467 1912 1511 pa-

392 1526 511 1566 trem
556 1522 781 1566 salutasse
823 1524 872 1565 et
913 1522 1089 1565 domum
1131 1523 1401 1580 relinquens‘
1444 1522 1592 1579 (Thilo
1633 1537 1769 1567 corn:
1823 1522 1912 1566 Me-

395 1592 479 1636 dea
520 1597 673 1649 postes
717 1592 921 1636 osculata
964 1607 1061 1636 esse
1107 1592 1282 1636 Aeetae
1324 1593 1499 1636 domum
1541 1591 1814 1649 relinquens)
1856 1592 1913 1635 cf.

395 1660 511 1717 Arg.
544 1661 628 1704 IV.
659 1661 738 1703 26:
780 1662 916 1703 κύσσε
947 1660 1065 1704 δ’ἑόν
1096 1678 1141 1704 τε
1172 1661 1297 1719 λέχος
1335 1661 1406 1705 καὶ
1438 1663 1636 1712 δικλίδας
1664 1660 1915 1718 ἀμφοτέρω-

397 1736 484 1774 θεν
517 1733 745 1785 σταθμοὺς
773 1730 845 1773 καὶ
876 1735 1036 1786 τοίχων
1068 1731 1336 1787 ἐπαφήσατο.

511 1824 566 1831 -
599 1798 716 1844 Sane
734 1799 927 1856 Vergili
956 1799 1159 1844 Troades
1192 1800 1400 1844 similiter
1430 1800 1629 1844 dolorem
1659 1799 1915 1856 exprimunt

394 1871 534 1925 atque
564 1869 781 1926 Apolloni
811 1869 991 1921 Medea3
1035 1872 1186 1913 tamen
1216 1885 1303 1913 non
1350 1870 1407 1913 ad
1436 1871 1582 1927 ipsum
1611 1868 1912 1926 Apollonium,

394 1937 472 1981 sed
503 1938 562 1981 ad
592 1937 787 1980 Ennium
818 1938 969 1981 redire
1014 1938 1097 1982 illa
1125 1940 1267 1983 verba
1309 1939 1429 1982 infra
1458 1954 1500 1996 p.
1532 1939 1587 1982 65
1632 1938 1910 1982 demonstra-

394 2007 550 2052 bimus.
613 2007 730 2051 Vide
761 2009 923 2061 autem,
957 2008 1065 2065 quid
1094 2008 1247 2052 valeat
1275 2008 1413 2051 illud:
1447 2007 1674 2065 ,Apolloni
1703 2007 1852 2051 locus‘.

507 2076 553 2132 2)
584 2077 653 2120 De
683 2076 715 2119 l.
747 2076 829 2119 IV.
862 2079 1073 2120 notatur:
1106 2077 1149 2121 S.
1182 2078 1240 2121 ad
1270 2094 1311 2121 V.
1345 2078 1408 2121 l.:
1453 2077 1732 2136 ,ApoHonius
1765 2077 1911 2133 Argo-

393 2146 579 2205 nautica
621 2146 802 2204 scripsit
848 2149 895 2190 et
940 2147 987 2190 in
1031 2148 1172 2192 tertio
1217 2148 1389 2192 inducit
1436 2151 1656 2193 amantem
1686 2147 1910 2200 Medeam

392 2216 523 2260 inde
564 2219 728 2260 totus
768 2216 856 2260 hic
895 2217 1049 2261 liber
1091 2218 1419 2262 translatus
1459 2220 1554 2262 est‘.
1616 2217 1909 2262 Cf.Ma01-ob.

392 2285 448 2329 V.
492 2286 559 2328 17.
605 2286 660 2329 4:
706 2286 889 2343 ,<Maro>
930 2321 975 2330 ..
1018 2303 1108 2330 non
1151 2288 1205 2331 de
1245 2288 1374 2331 unius
1418 2288 1602 2331 racemis
1647 2288 1911 2331 vindemiam

393 2354 478 2398 sibi
498 2354 610 2399 fecit
643 2389 650 2398 .
670 2389 680 2398 .
713 2359 764 2399 ut
796 2356 851 2399 de
872 2357 1283 2413 Argonauticorum
1303 2360 1481 2414 quarto,
1511 2372 1697 2415 quorum
1716 2356 1910 2414 scriptor

392 2426 466 2468 est
494 2424 778 2482 Apollonius,
810 2425 978 2468 librum
1006 2426 1232 2470 Aeneidos
1273 2441 1380 2470 suae
1410 2429 1619 2483 quartum
1649 2441 1787 2483 paene
1817 2426 1911 2470 for-

392 2494 587 2538 maverit
618 2493 675 2537 ad
695 2493 917 2539 Didonem
947 2494 1022 2539 vel
1042 2495 1227 2539 Aenean
1258 2492 1521 2541 amatoriam
1540 2495 1910 2540 incontinentiam

394 2562 580 2611 Medeae
611 2564 728 2608 circa
758 2564 965 2608 Iasonem
994 2565 1323 2609 transferendo‘
1357 2580 1445 2624 eqs.
1476 2592 1534 2597 —
1564 2565 1694 2621 Quod
1723 2564 1908 2611 Servius

393 2633 608 2690 Apolloni
645 2634 811 2677 librum
840 2634 929 2689 ΙΙΙ,
972 2635 1226 2680 Macrobius
1255 2635 1326 2679 IV
1359 2635 1534 2692 Vergili
1565 2635 1792 2693 exemplar
1832 2650 1907 2679 no-

374 2829 380 2830 7
514 2791 571 2834 18)
599 2790 698 2825 Serv.
727 2790 773 2825 ad
799 2803 830 2825 v.
861 2794 927 2826 170
953 2793 1157 2836 saetigerae
1185 2820 1215 2827 ..
1244 2792 1274 2827 ἀ
1300 2792 1391 2839 suis]
1427 2802 1526 2828 more
1551 2792 1713 2827 Romano
1823 2802 1906 2827 nam

391 2847 569 2884 Homerus
595 2848 696 2884 aliud
719 2860 833 2895 genus
869 2850 1038 2887 sacrificii
1063 2851 1366 2888 commemoravit.
1416 2852 1492 2888 DS:
1528 2862 1615 2888 sane
1640 2862 1741 2887 ovem
1766 2851 1905 2887 Graeco

391 2917 490 2943 more
515 2907 656 2944 foederi
680 2908 856 2944 adhibuit.
