2088 3268
1080 178 1137 221 64

349 292 408 335 ad
437 308 479 335 v.
511 292 597 334 675
627 292 922 335 annotatione
938 291 991 347 ⁵⁷)
1036 291 1190 348 colligi
1220 294 1375 348 potest
1413 291 1513 334 hoc
1554 290 1650 333 loco
1681 289 1872 332 Ennium

351 360 406 404 de
435 361 549 404 viris
581 360 673 404 suis
704 360 872 403 dixisse
902 359 1039 404 illud:
1085 360 1315 416 ,succincti
1343 359 1479 405 corda.
1507 358 1766 403 machaeris‘
1799 357 1872 415 (cf.

355 430 533 473 Vahlen
562 430 618 473 ad
651 445 691 472 v.
723 430 850 484 400);
882 430 1002 485 quod
1034 430 1266 487 Vergilius
1298 429 1527 473 liberrime
1556 428 1769 472 reddidit.

465 499 510 551 8)
540 512 580 541 a.
611 497 695 542 XI.
728 498 826 541 608.
888 496 933 541 S.
977 498 1116 552 ‚intra
1145 499 1309 542 iactum
1339 498 1439 554 teli]
1478 499 1528 541 et
1557 497 1763 541 Enniana
1801 500 1873 540 est

350 567 491 610 omnis
521 566 632 610 haec
660 566 900 610 ambitiosa
930 566 1202 624 descriptio‘.

471 636 684 680 Conferri
715 638 869 693 potest
898 636 957 680 ad
986 650 1026 680 a.
1057 636 1142 679 XI.
1173 637 1259 680 858
1289 636 1488 680 notatio:
1522 606 1773 688 ,Homerica
1802 637 1873 679 est

348 706 440 748 ista.
469 705 725 761 descriptio‘
758 705 818 761 (v.
844 720 877 748 s.
900 720 942 762 p.
970 706 1021 747 16
1024 704 1104 760 ,γ).
1157 705 1267 748 Cum
1287 705 1397 748 haec
1417 706 1556 748 verba
1585 704 1673 747 iam
1702 704 1759 747 ad
1780 704 1871 747 VII

354 788 567 817 versuum
596 774 741 817 locum
771 774 1052 831 pertineant,
1098 774 1177 817 illo
1208 774 1329 827 loco,
1376 774 1461 816 ubi.
1491 773 1601 817 dicit
1641 773 1695 816 de
1728 773 1871 825 ‚omni‘

348 843 673 900 descriptione,
715 843 772 886 ad
803 843 955 899 plures
987 842 1199 903 videntur
1229 843 1457 899 pertinere
1488 855 1658 886 versus.
1719 842 1872 899 Atque

347 912 527 955 initium
570 912 745 969 quidem
777 912 954 955 Vahlen
994 911 1068 964 (A.
1100 912 1206 965 537,
1252 926 1380 968 quem
1420 926 1601 955 versum
1643 914 1874 968 comparat

348 981 530 1037 Vergili
560 981 714 1024 versui
743 981 842 1031 597)
873 983 996 1023 recte
1029 980 1195 1024 statuit
1226 995 1266 1023 v.
1286 980 1392 1035 5975
1425 979 1526 1023 finis
1558 980 1757 1023 incertus
1788 982 1870 1034 est,

354 1050 433 1094 sed
453 1065 551 1093 cum
570 1053 673 1094 tota
692 1050 939 1107 descriptio
961 1050 1251 1094 continuetur
1271 1064 1412 1106 usque
1442 1049 1499 1093 ad
1520 1065 1562 1093 v.
1581 1050 1678 1102 646,
1709 1049 1870 1104 nescio,

349 1119 458 1176 quid
499 1119 737 1176 impediat,
782 1134 837 1162 ne
883 1119 938 1162 de
984 1119 1068 1162 hac
1107 1121 1211 1162 tota
1248 1122 1380 1175 parte
1423 1117 1554 1162 Servi
1602 1120 1740 1162 verba
1786 1118 1873 1162 dici

348 1203 575 1246 ponamus.
638 1188 795 1242 Qualis
826 1188 971 1232 fuerit
1008 1188 1090 1231 illa
1131 1188 1342 1241 imitatio,
1386 1188 1474 1230 iam
1519 1187 1751 1231 didicimus
1783 1187 1873 1230 col—

347 1258 456 1301 latis
488 1258 589 1301 aliis
620 1258 752 1313 locis3
799 1258 879 1300 sed
908 1272 1014 1301 casu
1044 1257 1208 1308 evenit,
1241 1260 1296 1300 ut
1324 1257 1463 1300 etiam
1492 1257 1635 1314 ipsius
1667 1256 1754 1300 loci
1782 1256 1871 1300 En-

347 1327 472 1370 niani
500 1327 758 1383 fragmenta
787 1341 1046 1384 comparare
1076 1327 1213 1370 liceat
1242 1341 1341 1370 cum
1363 1326 1542 1382 Vergili
1572 1326 1742 1370 duobus
1774 1342 1871 1371 ver-

348 1397 485 1439 sibus.
545 1396 685 1439 Alter
716 1398 787 1439 est
816 1397 987 1453 primus
1018 1410 1189 1447 versus,
1231 1397 1328 1439 597.
1371 1396 1452 1448 ‚At
1482 1410 1637 1439 manus
1665 1396 1870 1448 interea!

350 1465 490 1508 muris
550 1465 749 1509 Troiana
779 1466 786 1520 Ι
818 1465 1106 1521 propinquat‘
1158 1479 1286 1521 quem
1335 1464 1483 1508 redire
1535 1467 1658 1508 recte
1707 1463 1872 1508 statuit

348 1533 528 1576 Vahlen
556 1534 631 1589 (A.
661 1534 765 1589 537)
805 1533 862 1576 ad
894 1533 1012 1575 Enni
1042 1548 1245 1576 versum:
1292 1535 1459 1589 ,atque
1501 1536 1638 1589 atque
1669 1532 1871 1585 acceditl

357 1616 534 1645 muros
564 1602 796 1646 Romana
822 1603 829 1657 Ι
855 1602 1095 1646 inventus‘.

472 1672 645 1715 Deinde
685 1687 782 1715 cum
814 1671 1000 1716 Servius
1039 1674 1229 1715 annotet
1265 1671 1325 1715 ad
1356 1687 1395 1713 v.
1427 1672 1537 1715 602:
1580 1686 1753 1723 ‚versus
1784 1671 1871 1714 En·

347 1740 520 1785 nimus
552 1744 691 1799 atque
722 1741 859 1785 Macr.
895 1741 974 1785 VI.
1004 1741 1046 1784 4.
1078 1742 1105 1784 6
1150 1755 1249 1785 cum
1278 1741 1431 1785 eodem
1460 1756 1597 1785 versu
1630 1740 1869 1793 ‚horrendi‘

346 1811 477 1854 verbi
505 1825 641 1854 causa
669 1816 900 1868 comparet
929 1813 1025 1855 tres
1055 1825 1212 1855 versus
1244 1810 1495 1865 Ennianos,
1541 1811 1639 1868 quis
1677 1810 1869 1864 dubitet,

352 1880 459 1936 quin
499 1880 654 1923 horum
688 1880 939 1924 simillimus
983 1880 1128 1923 locum
1158 1879 1370 1923 habuerit
1414 1879 1461 1922 in
1503 1880 1584 1923 illa
1614 1880 1733 1923 Enni
1772 1880 1869 1923 des—

350 1948 603 2006 criptione?
662 1948 752 2002 Qui
781 1963 939 1992 versus
969 1952 1043 1992 est
1073 1948 1224 2005 (Vahl.
1260 1948 1402 1992 Varia.
1433 1948 1524 2004 14):

464 2018 649 2074 ‚sparsis
680 2017 828 2062 hastis
860 2018 1008 2074 longis
1040 2031 1220 2074 campus
1252 2017 1460 2074 splendet
1489 2020 1538 2061 et
1567 2018 1739 2061 horret‘

345 2085 463 2129 unde
504 2086 617 2130 fecit
648 2086 881 2143 Vergilius
926 2102 966 2129 v.
999 2087 1106 2131 601:
1160 2088 1270 2139 ‚tum
1311 2086 1407 2130 late
1455 2086 1630 2131 ferreus
1674 2086 1868 2131 hastis

344 2155 555 2200 horret
585 2170 708 2212 ager,
740 2156 997 2213 campique
1027 2156 1163 2200 armis
1197 2156 1461 2200 sublimibus
1493 2157 1679 2200 ardent‘.

462 2225 523 2268 Hi
552 2225 640 2268 duo
672 2240 846 2277 versus,
881 2226 1081 2282 quamvis
1113 2226 1209 2269 sint
1237 2226 1380 2283 pauci,
1412 2232 1565 2269 tamen
1595 2226 1706 2270 satis
1736 2227 1869 2271 multi

344 2297 465 2347 sunt,
495 2294 612 2338 unde
645 2308 731 2351 qua
760 2297 864 2338 arte
892 2301 942 2338 et
971 2295 1189 2339 libertate
1199 2285 1444 2351 'Vergilius
1472 2295 1738 2353 exemplaris
1771 2310 1866 2339 sen·

341 2363 514 2407 tentius
536 2364 827 2420 expresserit,
856 2363 1174 2420 intellegatur;
1206 2364 1252 2406 in
1273 2363 1405 2407 initio
1428 2364 1603 2420 quidem
1633 2365 1867 2422 perspicue

340 2432 401 2475 ad
421 2432 541 2475 Enni
561 2432 791 2489 exemplar
809 2432 1004 2487 digitum
1023 2433 1232 2481 intendit,
1266 2433 1345 2476 sed
1365 2447 1534 2476 summa
1562 2447 1702 2490 opera.
1730 2436 1865 2492 atque

340 2504 441 2545 arte
485 2516 595 2559 opus
637 2504 750 2555 erat,
796 2504 850 2546 ut
879 2502 997 2546 Enni
1037 2501 1171 2546 rudes
1215 2516 1372 2546 versus
1416 2502 1544 2559 quasi
1583 2502 1778 2559 poliaret
1818 2507 1866 2547 et

340 2570 535 2614 limaret.

458 2736 580 2782 57)-8.
608 2735 655 2771 ad
680 2749 710 2771 v.
738 2738 807 2772 675
832 2737 964 2772 armati
989 2737 1108 2772 ferro:
1151 2741 1215 2772 aut
1253 2738 1341 2773 bene
1375 2737 1545 2773 instructi
1580 2738 1690 2774 armis
1726 2743 1790 2774 aut
1824 2744 1865 2786 ut

339 2798 459 2842 Asper
484 2795 573 2831 dicit
598 2795 732 2839 ‚ferrea
757 2796 870 2831 corda.
895 2797 1082 2832 habentes‘
1108 2797 1130 2832 i.
1159 2807 1188 2831 e.
1217 2795 1310 2831 dura
1335 2800 1371 2832 et
1397 2801 1548 2833 cruenta
1574 2798 1788 2843 cogitantes,
1823 2804 1864 2834 ut

340 2856 498 2892 Ennium
525 2856 574 2891 sit
598 2860 764 2891 secutus:
792 2856 967 2892 succincti
992 2856 1103 2891 corda
1128 2856 1340 2891 machaeris.
