2088 3268
75 2224 116 2268 α)
143 2220 188 2257 de
212 2221 323 2258 versi-

60 2271 140 2314 bus,
172 2279 323 2313 quorum

98 2316 326 2361 exemplaria

131 2367 278 2400 exstant

1079 179 1135 222 52

460 293 524 339 Hi
555 297 661 339 sunt
699 309 859 339 versus
901 296 949 338 et
990 294 1080 338 loci
1109 293 1394 349 Lucretiani,
1439 310 1548 353 quos
1590 296 1731 340 affert
1770 296 1863 339 Ma-

344 363 543 419 crobius;
591 363 761 407 scholia
804 363 908 407 illos
954 378 1044 407 non
1087 366 1259 420 augent
1298 378 1382 408 nec
1423 379 1587 408 revera
1628 365 1864 423 quicquam

345 433 451 476 addi
496 435 663 489 potest,
705 432 823 489 quod
867 432 1040 489 magni
1061 433 1275 476 momenti
1316 434 1391 477 sit.
1452 433 1506 476 In
1545 433 1863 491 philosophicis

345 517 455 559 ergo
487 503 620 546 rebus
633 501 863 559 Vergilius
894 516 985 545 non
1015 503 1111 546 tam
1139 501 1261 547 locos
1284 502 1536 560 singulares
1567 517 1700 560 quam
1719 506 1864 547 totam

343 572 533 616 Lucreti
564 571 861 615 elocutionem
904 573 1086 615 secutus
1118 573 1210 625 est;
1253 572 1331 615 ubi
1360 574 1511 616 autem
1541 587 1675 615 unum
1719 572 1863 616 locum

345 640 609 685 Lucretiani
628 640 836 685 carminis
858 640 945 683 sibi
965 640 1206 697 proposuit
1227 641 1465 698 exemplar,
1495 656 1669 685 sensum
1686 643 1864 685 tantum

343 725 395 754 ac
425 713 702 754 structuram
740 709 945 753 imitatus
987 725 1082 752 rem
1121 710 1266 766 ipsam
1307 709 1410 754 suis
1442 710 1592 754 verbis
1638 725 1718 754 nec
1756 724 1863 754 raro

345 779 436 823 suis
482 779 802 823 additamentis
834 779 909 822 vel
951 780 1225 823 ornamentis
1257 779 1456 825 reddidit
1468 796 1477 835 ;
1521 780 1750 824 liberrime
1789 779 1864 823 de-

341 848 477 905 nique
520 847 750 904 amplioris
797 846 885 890 loci
928 847 1237 890 narrationem
1281 848 1630 892 transformavit
1674 848 1865 905 digessit

344 917 586 961 exornavit
599 917 665 972 4⁷).
725 917 934 973 Apparet
974 917 1120 972 igitur
1163 917 1286 960 inter
1318 917 1573 974 Vergilium
1615 922 1662 962 et
1702 919 1863 962 Lucre-

343 987 460 1029 tium
488 1000 630 1043 paene
661 986 839 1029 easdem
869 985 1070 1029 rationes
1113 985 1397 1030 intercedere
1427 989 1564 1044 atque
1594 987 1716 1030 inter
1749 987 1863 1030 Ver-

341 1055 501 1112 giJium
540 1058 589 1099 et
619 1055 893 1113 exemplaria
924 1055 1123 1109 Graeca3
1166 1069 1256 1099 una
1286 1058 1359 1100 est
1389 1056 1703 1113 discrepantia,
1747 1056 1864 1113 quod

342 1140 366 1168 e
407 1125 604 1169 carmine
643 1125 808 1168 Latino
840 1124 977 1168 etiam
1020 1125 1121 1182 ipsa
1151 1126 1292 1169 verba
1331 1128 1467 1183 atque
1510 1140 1667 1170 versus
1710 1127 1862 1183 partes

342 1193 600 1239 transferre
639 1194 819 1239 licebat.
882 1194 971 1240 Sed
1014 1197 1184 1252 quanta
1226 1194 1402 1240 omnino
1445 1195 1724 1240 moderantia
1764 1196 1863 1254 ipsa

340 1264 625 1308 hemistichia
672 1264 991 1319 transtulerit,
1037 1266 1207 1322 quanto
1258 1265 1406 1309 studio
1451 1279 1569 1309 nova
1613 1265 1864 1309 reddiderit

341 1335 482 1379 verba
511 1334 622 1391 ipsis
653 1335 709 1378 iis
739 1334 863 1388 locis,
895 1349 1005 1391 quos
1039 1350 1063 1378 e
1085 1335 1297 1378 Lucretio
1329 1335 1650 1388 ‚transtulisse‘
1680 1335 1860 1389 dicitur,

340 1403 450 1446 locis
482 1404 757 1460 comparatis
787 1403 1115 1457 intelleximus;
1157 1403 1276 1446 unde
1305 1403 1360 1446 de
1400 1403 1500 1446 aliis
1533 1403 1861 1461 exemplaribus

339 1473 518 1516 Latinis
551 1473 760 1516 discimus
792 1472 1003 1515 iudicare.

909 1629 959 1674 2.
1004 1629 1084 1674 De
1114 1628 1300 1674 Ennio.

455 1725 521 1769 Ut
542 1725 896 1783 philosophicum
926 1739 1066 1781 genus
1098 1724 1272 1768 dicendi
1304 1738 1332 1767 a
1350 1723 1562 1768 Lucretio
1592 1725 1660 1769 ita
1691 1726 1859 1782 epicum

341 1795 397 1838 ab
428 1794 574 1838 Ennio
605 1793 838 1850 Vergilius
868 1793 1054 1852 accepit.
1127 1792 1215 1837 Sed
1246 1808 1327 1851 per
1357 1808 1404 1837 se
1434 1793 1719 1850 intellegitur
1750 1795 1860 1838 Ver-

338 1863 497 1919 gilium
527 1864 664 1907 etiam
701 1863 990 1906 imitatum
1031 1876 1130 1905 esse
1159 1862 1235 1906 vel
1267 1876 1423 1905 versus
1454 1862 1527 1905 vel
1556 1863 1677 1907 locos
1707 1863 1861 1907 Anna-

338 1932 460 1986 lium,
494 1932 656 1990 quippe
678 1932 837 1989 quibus
869 1947 958 1975 non
991 1932 1134 1975 solum
1157 1931 1336 1984 similes,
1371 1931 1449 1975 sed
1468 1932 1693 1976 interdum
1724 1933 1861 1977 etiam

337 2001 518 2045 eaedem
548 2016 621 2045 res
651 2003 883 2045 tractatae
914 2007 1079 2044 essent.

738 2128 781 2184 a)
812 2128 866 2171 de
898 2128 1102 2172 versibus
1138 2127 1456 2185 singularibus.

453 2221 678 2266 Versuum
711 2220 871 2275 XVII,
916 2235 1025 2278 quos
1057 2220 1216 2274 affert,
1248 2219 1502 2263 Macrobius
1534 2219 1615 2274 VI,
1652 2221 1684 2274 l,
1716 2220 1859 2263 8-24

340 2305 420 2333 sex
449 2290 496 2332 in
526 2304 707 2333 numero
729 2304 883 2333 eorum
902 2288 1096 2333 habendi
1117 2291 1236 2341 sunt,
1268 2303 1378 2346 quos
1409 2287 1539 2331 hodie
1560 2287 1858 2345 significamus

338 2360 503 2404 verbo:
544 2358 699 2414 ,Citat‘
731 2359 792 2427 (S.
825 2374 863 2402 a.
896 2358 979 2403 VI.
1013 2359 1111 2402 846.
1145 2358 1302 2412 ,sciens
1334 2356 1566 2414 Vergilius
1606 2357 1735 2414 quasi
1775 2373 1858 2415 pro

336 2497 482 2554 utrique
519 2513 651 2554 poetae
687 2509 935 2544 communibus
974 2519 1046 2543 non
1084 2509 1173 2544 satis
1208 2508 1489 2543 demonstratur.
1547 2506 1639 2542 Nam
1675 2506 1754 2542 fieri
1786 2518 1857 2543 non

336 2572 469 2614 potest,
497 2569 595 2612 quin,
622 2568 683 2612 qui
707 2568 745 2603 in
771 2567 894 2603 eadem
922 2578 961 2603 re
988 2571 1154 2603 versatur
1180 2564 1428 2609 describenda,
1454 2565 1512 2600 hic
1535 2565 1611 2600 illic
1635 2564 1760 2602 eodem
1784 2577 1857 2602 ser-

334 2639 440 2664 mone
465 2631 601 2663 utatur.

454 2689 517 2732 47)
543 2686 642 2722 Satis
669 2686 719 2722 sit
743 2685 985 2721 differentiam
1010 2684 1238 2728 indicavisse,
1274 2693 1491 2729 quamquam
1515 2684 1722 2720 accuratius
1748 2694 1856 2729 quae—

334 2746 432 2782 renti
451 2744 778 2781 demonstrandum
803 2755 883 2780 esse
908 2744 1149 2789 cont-edimus,
1185 2742 1364 2789 quomodo
1388 2742 1621 2788 Vergilianas
1645 2743 1737 2779 artis
1761 2754 1855 2779 nova

334 2804 463 2850 regula
496 2804 535 2839 in
560 2802 721 2849 periodis
757 2802 942 2839 struendis
976 2807 1087 2848 atque
1122 2801 1433 2838 enuntiationibus
1467 2812 1534 2846 per
1559 2811 1684 2838 versus
1718 2801 1856 2847 disper-

333 2863 468 2900 tiendis
495 2863 615 2899 omnia
640 2863 863 2899 Lucretiana
886 2862 1150 2899 transformata
1175 2862 1258 2898 sint.
