2088 3268
903 201 959 244 25

293 330 390 360 cum
420 315 641 373 placidum
670 314 819 359 ventis
853 317 999 359 staret
1027 330 1162 358 mare.

292 385 361 429 S.:
395 387 602 442 ,negatur
630 385 714 428 hoc
744 399 825 442 per
858 399 1008 428 rerum
1051 389 1258 428 naturam
1300 399 1429 442 posse
1459 384 1578 437 fieri,
1610 384 1690 427 sed

176 454 464 499 Theocritum
486 457 662 498 secutus
678 455 761 508 est,
782 454 856 511 qui
873 453 954 497 hoc
974 453 1083 498 dicit
1105 454 1159 498 de
1176 454 1386 511 Cyclope‘
1418 453 1492 508 (id.
1511 453 1593 496 VI.
1617 453 1689 508 34)

177 524 334 568 Tertio
365 524 463 567 loco
496 523 678 567 Servius
710 525 863 566 notat:
910 523 1151 576 ‚Theocriti
1183 515 1288 567 sunt
1316 523 1397 566 isti
1427 525 1600 566 versus‘
1631 522 1690 565 ad

175 610 217 639 v.
249 593 317 637 63.
349 596 484 637 torva
523 593 682 637 leaena
712 592 864 650 lupum
895 592 1118 650 sequitur,
1160 592 1290 651 lupus
1321 593 1417 650 ipse
1447 591 1686 650 capellam;

292 662 527 706 florentem
558 662 751 719 cytisum
786 663 988 721 sequitur
1017 663 1187 706 lasciva
1218 663 1409 720 capella;

289 738 335 776 te
367 732 593 789 Corydon,
629 748 652 776 o
684 733 840 776 Alexi:
872 733 1018 777 trahit
1048 747 1128 776 sua
1159 748 1373 789 quemque
1405 732 1627 787 voluptas.

175 802 263 848 Sed
293 801 557 847 Theocritus
589 801 660 859 (X.
692 801 765 858 30)
795 802 927 846 dicit:
963 801 1148 859 ,capella
1168 801 1458 860 persequitur
1479 800 1686 858 cytisum,

173 872 305 929 lupus
350 871 588 928 capellam,
633 886 741 927 grus
785 874 1011 926 aratrum,
1055 886 1136 927 ego
1180 876 1227 914 te
1269 871 1499 913 desidero‘.
1560 869 1688 911 Unde

175 944 352 999 partem
383 941 560 998 quidem
589 941 764 998 accepit
795 941 1049 998 Vergilius3
1083 941 1161 986 sed
1192 941 1347 985 ordine
1377 943 1551 983 mutato
1582 954 1687 982 uno-

175 1026 258 1069 que
288 1012 481 1054 membro
512 1011 779 1068 anteposito,
812 1012 930 1068 quod
960 1026 1056 1054 cum
1077 1011 1247 1054 duobus
1280 1010 1381 1053 aliis
1412 1010 1687 1058 conveniret,

172 1081 466 1125 artificiosum
500 1081 698 1124 ordinem
728 1081 950 1134 instituit,
992 1080 1039 1123 in
1070 1096 1154 1137 quo
1187 1080 1392 1136 deinceps
1424 1078 1545 1122 alter
1574 1078 1688 1121 alte—

173 1166 271 1193 rum
312 1151 611 1206 persequitur.
670 1151 794 1206 Ergo
837 1165 925 1193 non
964 1150 1053 1191 iam
1098 1156 1201 1192 sunt
1241 1149 1472 1191 Theocriti
1514 1162 1686 1199 versus,

173 1219 250 1262 sed
285 1218 549 1275 Vergiliani.

289 1289 332 1345 2)
366 1288 586 1350 Similiter
616 1304 685 1331 res
718 1303 763 1332 se
793 1288 929 1331 habet
960 1287 1049 1330 alio
1078 1288 1175 1331 loco
1208 1289 1261 1344 (e.
1293 1288 1350 1331 V.
1381 1288 1436 1330 32
1452 1286 1590 1344 sqq.):

350 1358 485 1413 ,Vitis
517 1361 569 1402 ut
599 1359 829 1402 arboribus
863 1358 1011 1401 decori
1042 1361 1125 1408 est,
1157 1361 1212 1401 ut
1243 1359 1410 1401 vitibus
1442 1372 1568 1411 uvae,

348 1431 398 1471 ut
428 1428 641 1485 gregibus
672 1428 806 1479 tauri,
840 1432 1016 1484 segetes
1048 1433 1101 1471 ut
1133 1429 1372 1485 pinguibus
1404 1428 1549 1473 arvis:

343 1501 394 1541 tu
425 1498 557 1541 decus
588 1513 713 1541 omne
744 1497 861 1541 tuis‘.

285 1566 350 1609 S.:
397 1567 532 1619 ‚locus
577 1567 806 1619 Theocriti
848 1570 944 1609 est‘.
1006 1567 1084 1623 (id.
1118 1567 1254 1609 VIII.
1294 1568 1382 1622 79).
1446 1567 1532 1610 Sed
1571 1568 1685 1610 Ver-

169 1635 304 1692 gilius
336 1636 502 1692 partim
533 1635 708 1692 quidem
742 1650 814 1678 res
848 1636 1090 1679 transtulit
1135 1638 1203 1691 (ut
1231 1637 1445 1692 gregibus
1476 1636 1600 1679 tauri
1634 1653 1684 1673 m

171 1705 300 1748 VIII.
331 1705 399 1747 80.
431 1710 484 1760 τᾷ
512 1707 588 1758 βοῒ
616 1705 653 1746 δ’
690 1705 716 1745 ἁ
746 1705 946 1759 μόσχος),
990 1706 1160 1761 partim
1201 1720 1255 1748 ex
1286 1706 1375 1748 alio
1416 1706 1513 1748 loeo
1546 1706 1683 1748 Theo-

171 1775 311 1818 criteo
351 1774 549 1817 attraxit
580 1774 774 1830 (segetes
817 1777 870 1817 ut
899 1774 1136 1831 pinguibus
1169 1775 1291 1818 arvis
1325 1794 1377 1814 ω
1410 1774 1583 1819 XVIII.
1616 1775 1683 1818 29.

171 1847 317 1900 πιείρᾳ
346 1843 455 1898 μέγα
486 1847 593 1898 λᾷον
623 1842 839 1897 ἀνέδραμε
870 1846 1034 1898 κόσμος
1065 1844 1249 1900 ἀρούρᾳ)
1292 1845 1458 1901 partim
1488 1846 1684 1888 mutavit

171 1915 218 1956 et
247 1912 393 1966 auxit;
436 1927 537 1954 nam
568 1927 664 1954 cum
695 1912 962 1955 Theocritus
1003 1913 1194 1956 dixisset
1225 1914 1358 1956 VIII.
1393 1914 1458 1956 79.
1500 1921 1553 1970 τᾷ
1582 1914 1683 1968 ὃρυὶ

169 1981 239 2023 ταὶ
282 1982 465 2035 βάλανοι
506 1983 681 2033 κόσμος,
726 1981 960 2036 Vergilius
991 1983 1140 2037 ponit:
1190 1983 1312 2033 ‚vitis
1352 1986 1404 2025 ut
1446 1983 1682 2025 arboribus

170 2050 319 2094 decori
350 2052 432 2103 est,
465 2052 516 2092 ut
547 2049 716 2092 vitibus
748 2053 889 2103 uvae‘,
923 2065 1034 2107 quae
1065 2051 1301 2105 sententia,
1334 2054 1547 2108 quantum
1580 2053 1681 2105 scio,

169 2133 257 2161 non
288 2133 311 2160 e
344 2118 572 2160 Theocriti
603 2118 773 2173 idylljis
806 2123 910 2161 orta
941 2123 1023 2162 est.

283 2187 379 2230 Iam
409 2186 691 2244 inspiciamus
724 2201 798 2231 eas
831 2187 1027 2245 eclogas,
1069 2203 1177 2246 quas
1208 2191 1330 2233 totas
1362 2188 1436 2232 vel
1469 2204 1522 2232 ex
1553 2196 1681 2247 parte

171 2257 401 2299 Theocriti
430 2271 527 2298 esse
559 2256 742 2299 Servius
775 2257 896 2299 dicit.

283 2326 327 2382 3)
359 2325 402 2369 S.
434 2325 502 2369 ad.
536 2340 571 2368 e.
596 2325 701 2368 VII.
738 2327 783 2368 1:
818 2326 986 2382 ‚ecloga
1014 2326 1124 2370 haec
1152 2342 1291 2384 paene
1324 2330 1425 2371 tota
1454 2327 1683 2371 Theocriti

170 2398 264 2440 est:
307 2410 408 2439 nam
440 2397 487 2438 et
526 2395 666 2451 ipsam
697 2395 941 2438 transtulit
987 2398 1035 2439 et
1074 2396 1217 2439 multa
1258 2397 1314 2440 ad
1358 2411 1454 2440 eam
1485 2398 1538 2440 de
1581 2397 1682 2440 aliis

170 2466 421 2521 congessit&
452 2491 508 2495 —
538 2465 701 2517 Verba,
733 2479 844 2520 quae
866 2467 972 2507 sunt
1005 2465 1159 2522 ‚ipsam
1189 2467 1442 2509 transtulit‘
1477 2470 1682 2523 spectant

159 2534 225 2584 ¹ad
256 2534 483 2579 Theocrit.
515 2534 572 2578 id.
609 2534 738 2587 VIII,
780 2534 854 2578 ubi
884 2534 1087 2592 Daphnis
1131 2538 1178 2580 et
1207 2535 1431 2580 Menalcas
1476 2536 1683 2581 similiter

170 2604 374 2648 cantibus
415 2607 608 2648 certant.
670 2604 836 2647 Tamen
867 2618 918 2647 ea
950 2619 999 2646 re
1039 2604 1267 2661 discrepat
1297 2606 1474 2661 Vergili
1505 2620 1681 2648 carmen

169 2689 195 2718 a
225 2674 515 2728 Theocrite0‚
555 2674 673 2732 quod
703 2674 775 2718 hic
812 2674 985 2717 inducit
1013 2682 1220 2731 pastores
1264 2675 1317 2719 de
1348 2676 1545 2733 praemio
1589 2691 1681 2720 cer-

168 2745 333 2795 tantes,
355 2743 433 2786 ille
454 2744 643 2788 tertium
663 2748 890 2802 pastorem
911 2744 1024 2786 iacit
1047 2744 1102 2786 de
1123 2746 1366 2787 certamine
1387 2746 1679 2800 referentem;

169 2827 257 2869 qua
288 2827 338 2856 re
369 2813 576 2867 efficitur,
608 2817 661 2857 ut
691 2828 809 2857 nova
829 2817 1047 2870 appareat
1077 2814 1223 2857 forma
1253 2815 1443 2871 eclogae.
1494 2816 1681 2858 Initium

169 2883 257 2939 (vv.
293 2881 450 2938 1—20)
494 2883 695 2927 continet
736 2882 981 2927 sententias
1018 2897 1078 2936 ,ex
1117 2882 1218 2927 aliis
1251 2884 1414 2941 eclogis
1453 2884 1681 2928 liberrime
