2088 3268
1127 165 1181 207 10

390 293 532 336 paene
562 279 843 324 translatos‘.
888 305 944 311 ———
986 279 1103 323 Item
1142 282 1266 324 recte
1305 280 1603 338 interpretes;
1646 282 1752 324 sunt
1793 280 1909 324 enim

390 349 573 393 Homeri
621 365 780 394 versus
829 350 1047 394 omnibus
1075 350 1194 404 noti,
1247 350 1365 393 unde
1417 349 1594 393 initium
1639 349 1764 393 ducit
1806 351 1909 393 tota

391 419 654 462 Aeneadum
684 418 896 474 historia,
928 433 1038 475 quos
1070 433 1229 463 versus
1246 417 1477 475 Vergilius
1507 418 1566 461 ad
1596 420 1779 462 verbum
1810 431 1909 461 ver-

391 497 491 531 tere
523 488 713 531 studuit.

506 557 550 613 3)
581 572 621 601 a.
646 557 751 600 VH.
776 557 858 599 641
891 556 1084 599 Pandite
1115 571 1229 600 nunc
1249 556 1477 615 Helicona,
1511 557 1632 609 deae,
1663 559 1908 615 cantusque

388 628 579 669 movete.
643 624 687 669 S.
722 628 805 678 ,est
836 628 987 669 autem
1015 624 1202 669 Homeri
1232 628 1415 670 versus‘.

390 696 468 752 (cf.
487 699 536 738 B.
558 695 656 738 484.
680 695 864 737 ’Ἑσπετε
884 702 970 737 νῦν
989 711 1064 749 μοι
1086 697 1265 737 Μοῦσαι
1278 694 1489 749 Ὀλύμπια
1511 696 1671 749 δώματ’
1694 695 1907 751 ἔχουσαι.>

387 791 444 796 —
477 765 571 807 Hoc
603 779 691 806 non
724 770 846 807 recte
877 763 1046 807 dictum
1076 770 1168 819 est;
1209 764 1332 807 locus
1364 764 1541 820 quidem
1571 766 1696 808 totus
1725 764 1909 809 Homeri

389 833 640 890 exemplum
660 833 883 885 imitatur,
916 832 995 875 sed
1020 832 1098 875 ille
1121 847 1279 876 versus
1302 832 1473 876 alienus
1495 836 1567 877 est
1586 834 1641 876 ab
1657 832 1906 878 Homerico.

387 902 605 946 Fortasse
638 901 781 958 igitur
811 902 994 958 proprie
1025 901 1261 944 annotatio
1296 904 1472 958 spectat
1503 902 1559 944 ad
1587 905 1733 945 totum
1763 902 1907 945 locum

388 972 461 1015 vel
492 971 550 1014 ad
580 986 622 1014 v.
655 970 739 1013 645
770 970 844 1026 (cf.
880 970 1014 1013 Macr.
1046 969 1102 1013 V.
1128 971 1191 1013 13.
1208 970 1264 1026 9).

503 1042 548 1092 4)
580 1055 619 1083 a.
652 1039 737 1082 IX.
760 1040 844 1081 328
892 1040 1141 1095 (Euryalus
1198 1042 1333 1100 noctu
1387 1054 1468 1097 per
1516 1042 1669 1083 castra
1712 1041 1906 1085 hostium

388 1109 502 1153 clam
541 1108 786 1166 procedens
827 1108 949 1152 inter
988 1108 1101 1153 alios
1143 1109 1304 1153 occidit
1343 1108 1640 1153 Rhamnetem
1678 1125 1904 1166 augurem,

388 1179 443 1222 de
474 1193 559 1235 quo
591 1178 781 1234 legimus
795 1182 822 1231 z)
871 1177 959 1222 Sed
978 1193 1067 1221 non
1088 1178 1276 1234 augurio
1298 1178 1451 1235 potuit
1471 1178 1699 1235 depellere
1721 1181 1903 1235 pestem.

389 1248 456 1291 S.:
489 1250 574 1302 ,est
605 1251 755 1291 autem
776 1262 932 1291 versus
953 1246 1167 1290 Homeri‘.
1219 1246 1273 1289 cf.
1298 1246 1489 1290 Macrob.
1509 1248 1560 1289 V.
1578 1247 1616 1289 9.
1638 1248 1711 1289 10:

505 1320 552 1359 Β.
571 1317 669 1359 858.
701 1316 773 1358 καὶ
794 1316 1014 1370 ’Έννομος
1044 1318 1290 1371 οἰωνιστής·

504 1386 594 1428 ἀλλ’
630 1386 712 1429 οὐκ
743 1387 973 1429 οἰωνοῖσιν
1000 1385 1215 1439 ἐρύσσατο
1239 1385 1362 1441 Κῆρα
1382 1386 1609 1441 μέλαιναν,
1640 1386 1732 1429 ἀλλ’
1755 1386 1905 1441 ἐδάμη.

387 1481 443 1486 —
475 1455 591 1500 Sane
624 1454 852 1511 Vergilius
876 1455 1112 1499 Homerica
1141 1455 1346 1499 imitatus
1378 1458 1459 1510 est,
1492 1455 1539 1498 id
1570 1456 1687 1512 quod
1717 1456 1906 1499 maxime

388 1526 727 1569 demonstratur
768 1524 934 1568 initiis:
979 1525 1071 1578 ‚sed
1113 1540 1200 1568 non
1242 1525 1430 1580 augurio
1464 1527 1530 1561 ‘=
1563 1525 1651 1567 ἀλλ’
1687 1525 1768 1568 οὐκ
1808 1527 1906 1568 οἰω-

386 1603 547 1637 νοῖσιν.

502 1663 545 1720 5)
577 1678 615 1706 a.
648 1663 731 1706 IX.
766 1663 862 1705 764.
895 1662 1260 1719 Alcandrumque
1292 1662 1559 1720 Haliumque
1590 1663 1906 1719 Noemonaque

384 1732 728 1789 Prytanimque.
801 1731 845 1774 S.
892 1732 1090 1785 ‚Homeri
1139 1746 1320 1786 versus,
1371 1734 1548 1775 tantum
1597 1732 1906 1776 coniunctione

383 1804 581 1845 mutata:
622 1801 741 1845 unde
782 1803 976 1858 apparet
1005 1817 1094 1844 non
1125 1801 1182 1843 ad
1213 1801 1467 1854 historiam,
1501 1801 1579 1844 sed
1610 1801 1668 1844 ad
1699 1805 1905 1848 ornatum

384 1872 603 1928 poematis
650 1870 759 1913 haec
806 1870 951 1913 omnia
996 1870 1252 1927 pertinere‘.
1330 1870 1417 1926 (Cf.
1465 1870 1658 1914 Macrob.
1707 1870 1801 1915 Sat.
1849 1871 1903 1915 V.

385 1942 451 1983 17.
487 1941 573 1997 17).

499 2013 551 2052 Ε.
571 2010 677 2052 678:
706 2010 974 2065 Ἄλκανδρόν
994 2008 1035 2051 θῗ
1057 2008 1206 2051 ΓἈλιον
1226 2025 1271 2051 τε
1292 2010 1508 2064 Νοήμονά
1528 2025 1572 2052 τε
1595 2011 1825 2064 Πρύτανίν
1845 2026 1903 2052 τε.

384 2105 439 2110 —-
471 2079 587 2122 Sane
618 2079 733 2121 hunc
764 2094 943 2122 versum
974 2080 1121 2121 totum
1142 2078 1396 2131 transtulit,
1430 2078 1640 2121 similiter
1673 2080 1724 2121 ut
1754 2093 1792 2121 a.
1814 2077 1902 2121 ΙΠ.

382 2149 559 2205 270sq.‚
590 2149 666 2191 ubi
698 2147 752 2192 cf.
786 2146 883 2202 DS;
927 2147 981 2190 de
1022 2146 1125 2190 aliis
1158 2146 1267 2190 locis
1300 2147 1355 2190 cf.
1389 2147 1525 2191 Macr.
1558 2148 1587 2190 1.
1604 2148 1659 2201 1.;
1689 2148 1904 2204 imprimis

382 2233 425 2274 g.
455 2218 490 2260 Ι.
520 2218 619 2259 437.
669 2221 715 2260 et
757 2232 799 2273 g.
831 2217 921 2259 III.
954 2217 1050 2260 550.
1114 2217 1253 2260 Amat
1295 2216 1409 2259 enim
1453 2220 1588 2274 poeta
1638 2232 1795 2261 versus
1826 2232 1904 2261 no-

382 2287 573 2331 minibus
617 2286 819 2344 propriis
854 2286 1037 2329 Graecis
1072 2286 1339 2344 compositos
1372 2286 1428 2329 ad
1462 2286 1659 2343 linguam
1694 2287 1903 2331 Latinam

382 2358 645 2400 transferre.

502 2427 544 2480 6)
577 2441 616 2469 a.
641 2426 697 2468 X.
723 2426 803 2467 361
838 2424 1010 2468 Haeret
1041 2424 1152 2481 pede
1182 2440 1260 2482 pes
1293 2424 1542 2481 densusque
1573 2425 1669 2467 viro
1701 2425 1785 2467 vir.
1835 2424 1901 2469 S.:

384 2498 446 2548 ‚et
477 2498 549 2538 est
579 2495 764 2538 Homeri
794 2494 1071 2538 versiculus‘.
1096 2520 1149 2524 —-
1171 2495 1241 2537 De
1272 2493 1352 2537 hoc
1373 2509 1512 2538 versu
1542 2509 1584 2537 v.
1616 2494 1739 2537 infra
1768 2509 1809 2551 p.
1832 2495 1900 2538 80.

497 2566 541 2618 7)
573 2579 612 2608 a.
636 2564 745 2607 XII.
770 2566 826 2607 84
856 2564 1015 2621 <Equi>
1047 2564 1122 2621 qui
1153 2563 1345 2607 candore
1376 2563 1502 2607 nives
1534 2563 1773 2618 anteirent,
1805 2579 1901 2608 cur-

383 2635 504 2678 sibus
536 2649 684 2678 auras.
747 2634 789 2677 S.
823 2634 1022 2685 ,Homeri
1054 2649 1211 2677 versus
1244 2635 1430 2676 verbum
1462 2633 1519 2691 ad
1550 2634 1763 2676 verbum‘.

381 2739 552 2776 dicendo:
583 2741 693 2776 »haec
714 2741 973 2776 Phoebus..‹‘.
1014 2741 1092 2785 Quo
1111 2742 1257 2776 invento
1283 2741 1465 2785 interpres
1491 2741 1621 2776 tollere
1646 2741 1779 2785 studet,
1806 2742 1902 2786 quod

381 2799 565 2843 Vergilius
590 2800 673 2835 illos
700 2810 826 2835 versus
853 2799 959 2834 datos
989 2811 1068 2834 esse
1095 2801 1141 2834 ab
1167 2800 1336 2844 Apolline
1363 2799 1470 2843 dicit,
1497 2800 1559 2843 qui
1584 2799 1681 2845 apud
1706 2800 1902 2836 Homerum

314 2855 316 2857 ’
380 2858 621 2916 inveniuntur.
