2088 3268
917 180 971 222 21

188 292 343 346 minat,
375 293 444 335 ita
474 293 680 345 solvitur,
724 295 776 335 ut
806 293 1080 335 Macrobium
1110 297 1190 337 aut
1219 295 1445 338 erravisse
1486 294 1701 350 (fortasse

188 376 419 407 numerum
450 361 518 406 IV
548 361 665 407 falso
699 376 753 405 ex
769 360 1033 420 Vergiliano
1066 362 1323 420 transtulit)
1354 364 1433 406 aut
1462 362 1700 421 praecipue

188 432 465 490 cogitavisse
494 447 708 489 ponamus
751 432 806 475 de
837 433 1035 485 conubio,
1068 433 1229 490 quippe
1260 433 1377 490 quod
1418 432 1699 476 describatur

188 504 234 546 in
262 502 674 560 Argonauticorum
703 501 821 546 libro
852 501 922 546 IV
940 501 1003 557 ¹⁹).

303 571 587 629 Comparatis
638 572 903 614 carminibus
948 573 1059 616 haec
1110 576 1214 616 sunt
1258 574 1414 629 quibus
1465 573 1700 629 utriusque

187 641 473 686 narrationes
516 641 636 684 inter
668 656 715 685 se
745 641 1054 686 consentiant:
1099 643 1137 686 1.
1168 658 1250 700 per
1281 641 1542 699 Cupidinem
1574 655 1699 685 amor

186 710 454 754 feminarum
483 710 723 764 incitatur3
755 711 796 752 2.
828 711 939 754 Iuno
970 712 1068 767 agit
1098 726 1195 755 cum
1221 712 1401 754 Venere
1411 726 1420 764 3
1453 712 1492 753 3.
1526 715 1576 753 ut
1607 711 1698 754 Me-

186 781 269 824 dea
309 795 406 824 cum
437 770 679 837 Chalciopa
718 781 786 823 ita
815 780 930 823 Dido
974 796 1071 824 cum
1100 781 1235 824 Anna
1278 781 1332 824 de
1372 795 1522 824 amore
1565 779 1697 824 collo-

187 850 366 908 quitur;
413 850 453 892 4.
505 864 628 893 amor
671 849 935 894 feminarum
983 850 1198 894 similibus
1244 849 1418 893 indiciis
1464 849 1695 907 proditur;

186 922 225 962 5.
259 920 492 963 conubium
532 920 585 962 fit
624 920 671 962 in
710 923 861 975 antro;
903 921 942 963 6.
987 921 1117 964 furor
1147 920 1336 963 Didonis
1382 920 1430 962 in
1470 920 1696 963 nonnullis

185 991 317 1034 rebus
360 989 418 1033 ad
448 989 628 1033 Medeae
670 990 896 1047 exemplar
945 989 1227 1033 describitur.
1291 989 1415 1043 Quae
1460 989 1696 1033 attulimus

186 1060 266 1102 sub
298 1074 415 1101 num.
450 1059 486 1101 1.
520 1060 566 1102 et
597 1058 649 1113 2.,
692 1058 780 1102 iam
818 1058 866 1101 in
906 1058 1051 1116 primo
1081 1058 1307 1102 Aeneidos
1350 1059 1467 1102 libro
1510 1061 1698 1102 narrata

185 1130 302 1171 sunt.
354 1127 563 1183 Singulas
585 1142 656 1170 res
677 1128 901 1171 tractavit
920 1127 1135 1171 Heinzius
1168 1127 1369 1183 (Vergils
1392 1143 1457 1185 ep.
1483 1128 1694 1181 Technik,

183 1213 224 1240 v.
266 1197 456 1240 indicem
499 1213 530 1240 s.
562 1212 603 1240 v.
636 1197 919 1254 Apollonius)
961 1197 1037 1253 qui
1078 1197 1135 1253 (p.
1170 1198 1250 1239 123
1264 1198 1345 1253 sq.)
1388 1198 1566 1239 Annam
1607 1212 1696 1240 non

184 1266 451 1323 Chalciopae
480 1265 820 1323 comparandam
850 1280 966 1318 esse,
1013 1265 1091 1308 sed
1120 1268 1274 1322 partes
1316 1265 1481 1309 amicae
1510 1266 1695 1308 intimae

182 1336 310 1393 quasi
350 1350 374 1379 e
405 1335 604 1379 scaenica
642 1335 768 1392 poesi
808 1334 1031 1390 accepisse
1074 1334 1181 1377 mihi
1220 1335 1460 1391 persuasit.
1521 1335 1694 1378 Deinde

183 1406 298 1448 alius
329 1407 399 1448 est
428 1404 571 1461 pudor
600 1404 783 1447 Medeae
814 1404 1026 1461 virginis,
1067 1404 1181 1446 alius
1213 1404 1399 1447 Didonis
1430 1404 1604 1457 viduae,
1648 1408 1695 1447 et

182 1474 299 1532 quod
341 1474 502 1517 amoris
546 1473 709 1516 indicia
751 1472 869 1529 apud
909 1478 1147 1529 utramque
1192 1472 1355 1515 similia
1398 1475 1504 1515 sunt
1545 1499 1595 1504 —
1643 1476 1695 1515 ut

182 1544 298 1587 Dido
340 1544 399 1597 ‚in
430 1557 535 1586 voce
566 1542 754 1586 resistit‘
799 1541 986 1598 (Argon.
1018 1542 1108 1585 III.
1140 1542 1240 1598 686)
1281 1557 1423 1599 neque
1462 1542 1696 1599 quicquam

180 1606 307 1657 videt
329 1613 401 1656 vel
432 1612 559 1656 audit
589 1611 674 1655 nisi
694 1614 939 1655 amatorem
970 1612 1199 1654 absentem
1230 1611 1359 1667 (Arg.
1380 1612 1469 1654 III.
1492 1612 1607 1666 453),
1639 1637 1694 1642 —-

182 1697 235 1725 ea
265 1683 410 1724 omnia
448 1697 538 1724 non
568 1686 659 1724 tam
699 1696 752 1724 ex
783 1681 997 1736 Apolloni
1028 1680 1221 1723 carmine
1263 1696 1392 1737 quam
1424 1681 1598 1724 omnino
1640 1696 1694 1724 ex

181 1753 280 1795 toto
311 1750 434 1794 illius
456 1750 621 1794 aetatis
652 1764 817 1806 genere
837 1749 1098 1793 litterarum
1129 1751 1229 1792 orta
1260 1764 1356 1792 esse
1388 1764 1484 1792 cum
1505 1749 1693 1793 Heinzio

181 1819 427 1863 consentio.
481 1819 569 1862 Sed
599 1819 888 1875 Apolloniani
918 1818 1126 1861 carminis
1160 1820 1419 1871 ,conubium‘
1451 1820 1558 1875 quin
1578 1819 1694 1862 Ver—

179 1889 315 1947 gilius
357 1888 528 1932 imitari
569 1888 793 1939 voluerit,
834 1887 1015 1930 dubium
1056 1902 1145 1930 non
1188 1890 1273 1930 est.
1344 1889 1510 1931 Tamen
1549 1889 1694 1945 ipsam

181 1973 275 2002 rem
326 1958 403 2001 vix
462 1956 629 2001 maiore
689 1957 995 2014 discrepantia
1045 1956 1236 2000 describi
1284 1973 1415 2014 posse
1467 1958 1691 2001 concedes.

179 2028 332 2071 Etiam
362 2027 660 2084 Apolloniano
705 2027 916 2079 ‚conubio‘
958 2028 1203 2070 amantium
1245 2027 1495 2071 coniunctio
1539 2028 1692 2071 confir-

179 2102 328 2142 matur
376 2097 420 2139 in
468 2096 689 2154 reliquum
734 2098 933 2154 tempus,
979 2096 1243 2154 Vergiliano
1283 2112 1400 2141 nova
1447 2097 1692 2155 ,peripetia‘

179 2166 453 2210 narrationis
495 2165 703 2209 efficitur.
763 2165 999 2209 Postremo
1030 2166 1264 2222 Vergilius
1307 2167 1353 2209 in
1384 2167 1570 2210 Didonis
1615 2167 1692 2209 mi-

179 2236 309 2280 seriis
342 2235 643 2279 describendis
686 2234 757 2278 hic
786 2235 881 2278 illic
912 2236 1037 2293 sequi
1078 2236 1261 2280 videtur
1292 2237 1579 2293 Apollonium
1619 2237 1690 2293 (cf.

177 2305 361 2360 Heinze‚
394 2304 442 2347 11.
483 2320 525 2362 p.
559 2303 780 2361 130sqq.).
842 2304 907 2347 Ut
944 2304 1028 2347 hoc
1069 2306 1274 2348 afferam:
1319 2307 1434 2363 quod
1473 2306 1691 2349 Didonem

176 2374 303 2418 vitae
333 2374 501 2426 taedet,
533 2373 778 2430 exemplum
808 2372 945 2416 habet
974 2374 1022 2416 in
1052 2374 1227 2428 Medea,
1260 2390 1371 2432 quae
1401 2376 1489 2418 iam
1519 2390 1690 2418 veneno

176 2445 383 2502 prompto
415 2445 565 2487 tamen
594 2458 683 2486 non
714 2442 768 2486 de
799 2442 896 2486 vita
926 2442 1139 2487 decedere
1171 2444 1407 2488 constituit
1438 2445 1567 2501 (Arg.
1601 2444 1689 2487 ΠΙ.

177 2514 260 2556 771
279 2528 372 2571 sqq.
417 2513 531 2569 802).
611 2512 758 2555 Furor
801 2514 847 2556 et
889 2512 1131 2556 ulciscendi
1175 2514 1395 2571 cupiditas
1440 2515 1690 2570 comparari

176 2586 366 2640 possunt
396 2598 494 2626 cum
523 2583 680 2626 Medea
709 2583 889 2625 furente
920 2582 1048 2639 (Arg.
1081 2583 1164 2626 IV.
1198 2584 1325 2639 391.)
1379 2584 1475 2627 Huc
1505 2583 1687 2634 accedit,

297 2751 355 2793 19)
382 2749 517 2785 Tamen
544 2750 640 2785 omni
673 2751 752 2785 iure
776 2750 930 2784 miratur
954 2750 997 2784 H.
1034 2750 1078 2785 de
1103 2751 1141 2785 la
1165 2752 1249 2785 ville
1283 2750 1326 2785 de
1356 2751 1526 2785 Mirmont
1552 2751 1688 2794 (Apoll.

176 2809 221 2846 de
244 2807 390 2844 Rhodes
426 2813 463 2844 et
484 2809 634 2854 Virgile.
684 2809 789 2845 Paris
818 2810 907 2844 1894
933 2820 966 2854 p.
994 2811 1039 2844 22
1065 2810 1183 2855 ann),
1224 2809 1319 2853 quod
1345 2809 1408 2844 illa
1443 2808 1688 2854 discrepantia

175 2868 292 2904 adhuc
317 2878 493 2912 nusquam
518 2872 645 2904 notata
671 2872 736 2904 est.
