2088 3268
855 147 911 190 39

126 263 306 319 poetam
335 261 640 318 praeteritum
671 276 768 306 esse
798 261 977 306 credam
1020 277 1075 306 ex
1116 263 1172 307 iis
1211 279 1321 321 quos
1354 278 1516 307 revera
1545 262 1641 305 imi-

127 333 254 375 tatus
286 332 368 374 est.
432 330 626 373 Dubium
656 333 738 385 est,
770 346 876 374 num
906 332 1040 375 etiam
1070 332 1158 376 loci
1188 336 1237 377 et
1267 348 1438 386 versus,
1482 332 1642 390 quibus

129 400 359 457 exemplar
389 400 603 444 Latinum
645 401 687 444 ei
714 403 899 458 praesto
931 404 1055 456 erat,
1094 405 1308 447 notentur
1346 417 1517 446 omnes:
1563 401 1644 444 sed

128 469 211 514 hoc
239 484 330 514 non
361 471 432 514 est
460 469 613 527 magni
643 469 865 524 momenti,
896 469 1001 514 dum
1031 486 1084 514 ex
1113 470 1206 526 his,
1240 486 1353 529 quae
1382 483 1642 528 comparare

127 540 248 592 licet,
281 540 619 595 cognoverimus
657 554 708 582 ac
739 541 1001 594 statuamus,
1038 556 1146 598 quos
1178 541 1287 584 fines
1320 540 1494 583 omnino
1527 539 1642 582 Ver-

128 606 263 665 gilius
294 608 379 652 sibi
407 608 630 667 posuerit,
671 624 768 653 cum
803 611 959 667 poetas
990 609 1274 664 imitaretur,
1316 612 1452 667 atque
1482 608 1641 667 quibus

131 677 279 721 verbis
312 677 478 721 scholia
508 693 582 721 eos
612 693 768 722 versus
802 678 874 721 vel
902 678 1022 722 locos
1052 681 1213 723 notare
1245 678 1433 733 soleant,
1479 678 1554 737 qui
1584 677 1641 721 ad

128 746 265 790 alium
294 749 473 804 poetam
501 747 713 791 Latinum
743 747 950 803 redeant3
993 748 1109 792 unde
1151 748 1206 791 de
1247 748 1348 793 aliis
1378 747 1641 806 quibusdam

128 815 238 860 locis
270 815 440 875 aliquid
470 816 683 875 colligere
713 816 879 871 licebit,
911 832 1098 875 quorum
1130 816 1402 877 exemplaria
1432 832 1520 860 non
1552 831 1641 860 ser-

129 888 239 929 vata
270 892 387 930 sunt.
448 886 716 944 Incipiamus
747 887 888 943 igitur
919 900 945 929 a
974 886 1188 930 Lucretio
1220 887 1296 944 qui
1330 886 1450 944 apud
1470 887 1642 929 Macro-

129 955 249 998 bium
279 957 327 999 et
356 955 403 998 in
431 955 608 1000 scholiis
642 956 815 1014 saepius
846 955 1102 999 nominatur
1132 956 1255 1000 inter
1287 955 1467 1013 Vergili
1498 970 1642 999 exem-

128 1024 287 1080 plaria.

653 1142 692 1186 1.
752 1141 831 1186 De
862 1140 1119 1187 Luci-etin.

246 1240 356 1285 Cum
374 1241 560 1286 Lucreti
584 1257 670 1285 non
700 1241 954 1299 fragmenta
983 1243 1161 1286 tantum
1192 1241 1271 1286 sed
1290 1243 1439 1285 totum
1465 1255 1643 1285 carmen

131 1313 360 1354 servatum
391 1310 463 1364 sit,
495 1314 702 1355 accurate
733 1311 841 1355 licet
873 1311 1150 1365 examinare,
1192 1326 1279 1368 quo
1311 1310 1496 1354 consilio
1527 1310 1641 1354 Ver-

129 1378 265 1435 gilius
295 1379 482 1423 Lucreti
512 1395 668 1423 versus
710 1380 913 1423 imitatus
956 1381 1041 1434 sit,
1085 1380 1194 1436 quid
1223 1381 1490 1432 mutaverit,
1536 1378 1642 1436 quid

130 1463 217 1490 non
246 1449 470 1490 mutatum
498 1448 810 1491 transtulerit:
851 1449 992 1504 igitur
1030 1449 1168 1492 etiam
1207 1448 1262 1491 de
1292 1448 1443 1491 verbis
1483 1448 1641 1504 quibus

130 1518 322 1560 utuntur
353 1515 538 1559 Servius
582 1519 629 1559 et
669 1516 944 1569 Macrobius,
987 1532 1086 1560 cum
1126 1517 1426 1562 imitationem
1468 1518 1642 1569 notent,

131 1599 260 1643 spero
292 1585 404 1637 fore,
436 1587 489 1628 ut
518 1585 727 1628 iudicium
755 1585 905 1629 facere
937 1586 1084 1630 liceat.
1145 1587 1214 1629 Ac
1244 1586 1436 1643 primum
1465 1585 1643 1643 quidem

130 1654 183 1699 de
234 1654 435 1699 versibus
489 1654 813 1711 singularibus,
875 1654 1034 1699 deinde
1084 1655 1138 1699 de
1191 1655 1298 1699 locis
1350 1653 1641 1712 amplioribus

129 1738 324 1781 agamus.

404 1838 447 1894 a)
493 1839 557 1881 de
588 1839 869 1883 versibus
902 1838 1350 1894 singularibus.

243 1933 363 1979 Gell.
393 1934 430 1978 I.
461 1933 593 1977 21.7:
638 1932 752 1987 ,Non
783 1933 921 1976 verba
962 1938 1113 1977 autem
1154 1931 1271 1985 sola,
1317 1931 1396 1976 sed
1440 1946 1641 1976 versus

128 2018 302 2061 prope
333 2006 490 2048 totos
521 2005 570 2046 et
598 2002 718 2045 locos
748 2016 922 2060 quoque
953 2001 1139 2044 Lucreti
1168 2000 1387 2059 plurimos
1421 2003 1644 2044 sectatum

128 2087 224 2116 esse
259 2073 509 2130 Vergilium
538 2072 764 2115 videmus‘.

243 2154 440 2198 Primum
470 2152 697 2210 Vergilius
738 2151 908 2195 nullum
948 2151 1135 2196 Lucreti
1173 2166 1354 2196 versum
1395 2154 1543 2197 totum
1583 2153 1644 2197 sic

128 2223 372 2267 transtulit
410 2224 464 2265 ut
503 2222 738 2265 invenerat
755 2219 818 2275 3⁹).
879 2220 1091 2264 Ceterum
1120 2220 1373 2265 Macrobius
1413 2221 1461 2265 in
1498 2222 1643 2278 primo

130 2292 278 2351 capite
307 2292 413 2336 libri
434 2291 503 2335 VI
531 2290 759 2334 duodecim
788 2304 946 2333 versus
975 2292 1132 2345 notat;
1164 2305 1353 2347 quorum
1382 2305 1495 2334 unus
1525 2292 1566 2346 (ξ
1588 2291 1643 2333 63

129 2377 167 2404 a.
200 2362 309 2405 VH.
340 2362 424 2405 363
471 2364 519 2404 et
548 2376 591 2417 g.
623 2360 659 2403 I.
691 2360 776 2403 508
816 2378 869 2395 =
910 2359 960 2401 L.
993 2359 1049 2402 V.
1083 2359 1194 2403 1292
1207 2359 1291 2415 sq.)
1335 2360 1510 2403 omnino
1557 2375 1645 2403 non

130 2431 293 2486 verbis,
328 2430 407 2474 sed
436 2445 569 2475 sensu
598 2431 775 2473 tantum
806 2426 1051 2484 exemplari
1071 2427 1344 2472 Lucrotiano
1368 2428 1525 2472 similis
1558 2431 1641 2483 est,

132 2499 252 2544 alter
284 2502 326 2556 (ξ
357 2502 432 2556 47)
462 2503 650 2558 propter
680 2514 813 2541 unum
844 2498 1027 2541 verbum
1058 2498 1176 2555 quod
1207 2503 1278 2541 est
1310 2500 1548 2555 ,torquere‘
1570 2499 1645 2543 vel

129 2572 452 2627 ,pertorquere⁴
475 2570 683 2621 affertur,
715 2567 801 2610 duo
824 2565 982 2609 deinde
997 2565 1209 2609 videntur
1230 2566 1286 2609 ad
1308 2566 1426 2609 Enni
1442 2567 1642 2611 Annales

126 2638 300 2682 redire:

247 2784 309 2828 39)
335 2782 380 2818 de
405 2793 438 2818 a.
464 2783 525 2816 VI.
553 2784 621 2817 625
657 2782 752 2825 ,Non
777 2781 866 2815 mihi
898 2781 930 2815 si
963 2780 1107 2824 linguae
1133 2784 1277 2814 centum
1303 2780 1376 2815 sint
1402 2792 1539 2826 oraque
1565 2792 1645 2817 cen-

129 2843 229 2887 tum‘,
257 2842 319 2887 qui
343 2852 469 2878 versus
496 2841 615 2878 Lucili
640 2851 720 2877 esse
744 2840 898 2885 videtur,
924 2852 956 2877 v.
980 2839 1078 2875 infra
1102 2851 1138 2885 p.
1164 2842 1207 2876 81
1220 2851 1272 2884 sq.
