2088 3268
1111 167 1167 209 74

489 296 577 325 non
608 296 759 325 amnes
793 281 917 325 illam
949 280 1097 334 medii,
1129 296 1217 325 non
1247 281 1391 325 ardua
1421 282 1629 337 tardant;

488 350 673 407 perdita
702 365 783 394 nec
815 364 943 393 serae
973 350 1175 393 meminit
1204 350 1419 395 decedere
1449 351 1584 394 nocti.

373 446 428 451 —
459 420 668 477 Apparet
697 422 821 463 totos
852 419 973 463 locos
996 420 1073 463 vix
1093 435 1224 477 posse
1251 420 1514 477 comparari,
1548 421 1653 477 quia
1666 420 1896 477 Vergilius

373 483 755 546 comparationem
786 488 898 531 facit
929 488 983 531 de
1014 488 1176 531 bucula
1195 488 1429 531 iuvencum
1461 488 1615 532 sedulo
1637 498 1895 545 quaerente,

372 557 542 601 Varius
576 557 630 601 de
661 572 769 601 cane
800 571 979 600 cervam
1010 557 1189 602 assidue
1209 560 1530 614 persequente;
1565 558 1703 602 etiam
1730 557 1898 602 clarum

374 629 443 670 est
458 626 641 682 Vergili
671 626 1051 683 comparationem
1083 640 1106 668 e
1140 625 1371 670 Theocriti
1402 626 1460 670 id.
1482 626 1543 669 ΙΙ.
1562 626 1724 684 4sssqq.
1746 631 1898 684 accep-

372 699 466 739 tam
511 695 568 739 ad
611 695 800 739 Lucreti
844 696 924 748 (II.
948 696 1031 740 355
1045 695 1157 753 sqq.)
1204 696 1456 753 exemplum
1498 696 1741 741 formatam
1785 712 1896 740 esse.

374 766 462 815 (Cf.
494 765 623 817 Iahn,
652 765 814 821 Progr.
847 765 1001 808 Kolln.
1025 764 1189 820 Gymn.
1222 765 1346 808 Berl.
1374 766 1496 809 1899.
1529 782 1569 822 p.
1603 766 1656 808 17
1672 766 1755 823 sq.)
1809 765 1898 809 Sed

374 834 544 888 ,sciens‘
588 834 691 877 huic
730 834 1058 891 comparationi
1098 833 1297 890 applicat
1341 850 1477 877 unum
1519 850 1722 888 versum,
1769 850 1899 892 quem

373 905 522 946 totum
554 918 577 946 e
609 902 725 946 Vari
767 903 864 946 loco
896 902 1163 947 transtulit:
1209 918 1295 960 quo
1336 903 1460 947 facto
1505 904 1644 948 amico
1688 904 1899 948 honorem

373 972 540 1015 afferre
571 972 760 1015 studuit.

489 1040 712 1085 Similiter
742 1056 814 1084 res
848 1056 894 1084 se
926 1041 1063 1084 habet
1093 1041 1233 1085 tertio
1265 1041 1383 1085 loco:

374 1112 418 1166 3)
451 1112 491 1165 (ξ
508 1110 582 1166 39)
612 1124 653 1153 a.
686 1110 766 1153 VI.
800 1110 896 1152 622.
958 1110 1242 1154 Vendidit
1271 1110 1363 1153 hic
1393 1125 1504 1154 auro
1536 1111 1732 1168 patriam
1763 1110 1896 1154 domi-

1388 1196 1579 1238 numque
1610 1184 1842 1238 potentem

489 1250 729 1307 imposuit:
764 1249 908 1292 fixit
938 1249 1100 1306 leges
1132 1250 1328 1307 pretio
1360 1252 1537 1307 atque
1569 1250 1786 1294 refixit

371 1319 563 1362 Varius:
597 1319 677 1361 Ve
691 1335 719 1360 n
735 1319 887 1362 didit
914 1319 1009 1361 hic
1029 1319 1210 1362 Latium
1232 1319 1407 1376 populis
1430 1334 1653 1376 agrosque
1675 1319 1901 1372 Quiritum

489 1388 682 1445 eripuit:
715 1388 862 1431 fixit
891 1388 1052 1444 leges
1084 1389 1277 1445 pretio
1308 1390 1483 1445 atque
1514 1389 1738 1433 refixit.

372 1484 426 1489 —
444 1458 681 1515 Vergilius
712 1473 879 1514 genera
910 1458 1102 1515 quadam
1124 1458 1347 1502 hominum
1379 1458 1671 1502 scelestorum
1692 1460 1899 1511 afferens,
1944 1461 1946 1463 ’

373 1527 451 1584 qui
480 1527 527 1570 in
548 1527 743 1570 Tartaro
766 1541 932 1584 poenas
954 1526 1204 1583 perferant,
1236 1526 1315 1569 illo
1337 1541 1472 1570 versu
1493 1527 1695 1583 cogitare
1717 1526 1897 1570 videtur

375 1599 429 1641 de
459 1597 518 1639 M.
551 1596 769 1650 Antonio,
801 1599 855 1639 ut
886 1598 1087 1639 testatur
1120 1596 1327 1639 Servius:
1374 1611 1618 1653 ,possumus
1650 1596 1899 1639 Antonium

376 1666 592 1723 accipere,
626 1665 866 1708 secundum
888 1664 1146 1708 Ciceronem
1177 1665 1221 1706 in
1243 1664 1517 1722 Philippicis,
1550 1665 1625 1707 ubi
1655 1665 1741 1708 ait:
1775 1665 1897 1722 leges

373 1735 570 1779 refixisti
593 1769 602 1777 .
619 1768 627 1777 .
647 1737 671 1777 .‘
719 1734 863 1787 Quam
885 1734 1230 1791 explicationem
1250 1736 1511 1791 comprobat
1527 1734 1714 1778 Norden
1735 1734 1808 1787 (ad
1825 1737 1897 1788 v.),

376 1804 649 1863 praesertim
682 1819 781 1847 cum
813 1803 950 1847 etiam
981 1803 1096 1847 Vari
1126 1819 1283 1847 versus
1326 1803 1384 1846 ad
1414 1803 1662 1849 Antonium
1695 1806 1898 1860 spectare

376 1875 644 1929 videantur;
682 1888 820 1930 porro
853 1873 1023 1916 iudicat
1053 1874 1165 1916 bene
1196 1873 1251 1915 de
1281 1875 1383 1915 tota
1414 1872 1688 1915 imitatione:
1732 1872 1900 1926 ‚Durch

379 1945 458 1988 das
491 1944 586 1987 fast
617 1942 855 1989 wortliche
887 1942 1014 1986 Citat
1045 1942 1125 1986 der
1155 1942 1420 1986 beriihmten
1451 1942 1594 1985 Verse
1627 1942 1769 1985 seines
1801 1957 1900 1985 ver-

376 2013 538 2056 ehrten
558 2011 791 2055 Freundes
822 2011 998 2054 machte
1015 2011 1180 2068 Vergil
1205 2011 1369 2054 diesem
1389 2010 1504 2054 nach
1533 2010 1614 2054 der
1646 2011 1900 2054 bekannten

380 2081 500 2125 Sitte
530 2081 893 2124 hellenistischer
922 2080 1113 2124 Dichter
1146 2081 1217 2123 ein
1249 2080 1560 2137 Compliment‚
1594 2080 1679 2123 wie
1700 2080 1897 2137 Properz

374 2151 438 2193 Π.
470 2151 539 2193 34.
572 2151 627 2193 67
641 2151 686 2193 ff.
722 2149 981 2193 seinerseits
1014 2149 1112 2192 dem
1141 2148 1307 2206 Vergil
1348 2149 1489 2192 durch
1520 2147 1672 2193 Citate
1703 2163 1782 2193 aus
1815 2150 1900 2193 den

377 2220 615 2263 Bucolica‘.
694 2220 846 2276 Atque
888 2219 1004 2262 mira
1045 2221 1146 2262 arte
1188 2219 1421 2276 Vergilius
1461 2219 1649 2261 duorum
1694 2234 1901 2263 versuum

375 2290 565 2335 mediam
600 2292 775 2347 partem
818 2289 946 2333 novis
979 2289 1129 2333 verbis
1161 2289 1424 2346 complevit,
1468 2289 1644 2346 reliqua
1683 2289 1899 2332 servavit.

375 2362 420 2410 4)
454 2363 496 2413 (ξ
526 2359 600 2416 40)
631 2374 674 2416 g.
698 2359 759 2403 II.
783 2359 881 2403 506.
944 2359 1008 2402 Ut
1038 2373 1211 2415 gemma
1233 2359 1358 2402 bibat
1390 2361 1437 2402 et
1460 2358 1659 2403 Sarrano
1683 2358 1900 2402 dormitat

1702 2430 1842 2472 ostro,
1880 2431 1882 2433 ’

492 2498 684 2542 Varius:
717 2498 909 2542 Incubet
940 2500 988 2541 et
1009 2497 1166 2554 Tyriis
1188 2504 1325 2554 atque
1357 2513 1411 2541 ex
1444 2498 1587 2542 solido
1618 2498 1744 2542 bibat
1775 2513 1899 2541 auro.

374 2594 430 2599 —
461 2568 694 2625 Vergilius
725 2568 867 2623 igitur
885 2566 999 2611 Vari
1031 2567 1264 2624 pulchram
1296 2567 1568 2611 sententiam
1599 2566 1900 2624 pulchriorem

377 2638 532 2682 studet
563 2637 768 2681 reddere.

492 2707 683 2764 Collatis
731 2707 875 2763 igitur
921 2712 1138 2764 quattuor
1183 2706 1291 2748 locis
1336 2704 1549 2749 Varianis
1593 2704 1899 2762 intellegimus

376 2778 486 2820 duos
519 2777 649 2820 amici
678 2776 799 2819 locos
815 2775 1069 2832 Vergilium
1091 2775 1182 2818 suis
1205 2774 1357 2818 verbis
1380 2774 1630 2818 reddidisse
1653 2775 1726 2828 (1)
1747 2778 1794 2818 et
1815 2775 1900 2831 4)),

375 2846 444 2890 bis
478 2845 678 2902 singulos
712 2844 871 2889 deinde
902 2860 1061 2888 versus
1094 2844 1152 2887 ad
1182 2844 1367 2888 verbum
1400 2843 1713 2898 transtulisse,
1755 2843 1899 2888 altero
