2088 3268
1047 152 1105 195 40

432 267 475 321 1)
507 268 550 323 (ξ
579 268 655 321 46)
687 280 725 310 a.
744 265 828 309 VI.
845 267 931 309 842
962 266 1027 310 Et
1056 266 1256 323 geminos
1296 266 1383 309 duo
1419 265 1662 309 fulmina
1690 266 1717 308 b
1733 264 1837 308 elli

315 335 346 380 S
357 336 471 394 cipi
483 337 512 380 d
522 337 538 380 i
548 351 576 380 a
587 352 620 380 s.
1173 370 1176 372 .
1642 365 1645 369 ·

431 420 480 463 L.
504 420 592 463 III.
618 420 743 463 1034.
777 418 1007 476 Scipiadas
1030 419 1138 462 belli
1157 418 1327 462 fulmen
1349 417 1640 474 Carthaginis
1660 417 1833 460 horror.

432 503 500 547 Cf.
532 503 726 556 Heinze‚
769 503 932 546 Comm.
975 502 1032 546 ad
1063 503 1194 546 Luc-r.
1226 502 1311 545 ΙΙΙ.
1351 517 1396 559 p.
1428 502 1512 545 194
1551 504 1598 545 et
1638 501 1833 554 Norden,

316 572 479 616 Comm.
512 572 569 615 ad
602 571 741 628 Verg.
775 571 856 615 VI.
888 587 931 629 p.
966 572 1062 615 326.
1123 571 1289 614 Forma
1326 570 1441 614 enim
1474 570 1680 628 antiqua,
1711 565 1836 627 nquae

315 645 387 686 est
417 642 669 699 Scipiadas,
713 643 768 685 ab
800 641 945 684 Ennio
977 641 1121 698 primo
1152 641 1260 685 ficta
1297 642 1367 684 est
1398 643 1445 683 et
1474 639 1628 684 versui
1656 639 1834 683 heroico

314 711 556 768 adaptata;
590 711 749 754 deinde
780 710 862 754 illa
882 710 1160 768 metaphora,
1192 724 1281 768 qua
1310 710 1484 754 Barcae
1515 710 1559 767 (i.
1583 725 1618 754 e.
1641 709 1834 765 fulmini)

314 781 443 839 quasi
481 781 653 825 fulmen
682 781 933 825 Romanum
973 781 1240 838 opponitur,
1284 780 1471 837 antiqua
1512 782 1603 835 est;
1648 780 1836 823 tertium

312 851 402 895 toti
433 850 521 894 loci
551 853 599 894 et
628 851 816 893 Lucreti
855 853 902 893 et
933 849 1111 906 Vergili
1150 849 1345 893 colorem
1373 849 1542 892 habent
1571 839 1833 892 Ennianum.

429 932 474 988 2)
506 932 704 976 fortasse
737 948 792 975 ex
821 932 939 975 Enni
970 932 1163 976 carmine
1196 935 1323 976 ortus
1355 935 1426 976 est
1457 947 1638 975 versus:

429 1001 471 1057 (ᾖ
500 1001 587 1057 49).
621 1016 660 1044 a.
693 1001 729 1043 Ι.
763 1002 848 1044 354
879 1015 961 1044 ora
990 1000 1131 1044 modis
1163 1000 1379 1044 attollens
1409 1000 1581 1057 pallida
1611 999 1746 1043 miris.

427 1084 477 1127 L.
509 1084 542 1126 Ι.
579 1084 661 1126 123
702 1084 779 1128 sed
810 1083 1026 1141 quaedam
1070 1083 1388 1128 simulacra
1417 1084 1591 1128 modis
1622 1083 1834 1140 pallen—

311 1154 395 1196 tia
428 1154 601 1197 miris.
1758 1207 1760 1209 q

426 1237 587 1282 Melius
620 1240 909 1296 eomparatur
941 1254 1097 1284 versus
1128 1254 1170 1296 g.
1203 1239 1241 1281 I.
1293 1222 1357 1280 77'
1380 1238 1548 1295 ,ingens
1581 1241 1628 1282 et
1659 1236 1834 1281 simula-

310 1322 389 1350 cra
417 1308 559 1350 modis
600 1308 820 1363 pallentia
858 1309 998 1351 miris‘
1053 1308 1125 1360 (cf.
1172 1308 1231 1350 et‘
1264 1323 1307 1349 m
1338 1322 1376 1350 a.
1409 1308 1464 1349 X.
1497 1307 1594 1349 822.
1626 1307 1732 1349 VII.
1765 1306 1833 1348 89.

312 1376 443 1420 Lucr.
467 1375 548 1421 IV.
575 1376 691 1431 724).
715 1404 771 1408 —
794 1376 1033 1422 Lucretius
1058 1377 1172 1421 enim
1234 1393 1257 1421 e
1280 1377 1464 1420 Ennio
1497 1377 1609 1420 dicit
1638 1377 1691 1430 (1.
1711 1376 1833 1430 123);

311 1478 319 1485 .
345 1478 353 1486 .
388 1460 485 1488 esse
516 1446 769 1488 Acherusia
800 1446 970 1502 templa
1001 1479 1010 1488 .
1036 1480 1043 1488 .
1078 1446 1117 1488 E
1197 1460 1249 1488 us
1282 1445 1466 1503 exponit

426 1530 512 1571 quo
544 1530 688 1572 neque
719 1518 985 1571 permanent
1014 1516 1088 1559 ani
1163 1531 1185 1558 e
1219 1530 1359 1572 neque
1391 1530 1578 1571 corpora
1608 1521 1767 1557 nostra

427 1584 504 1628 sed
538 1585 811 1642 quaedam
841 1584 1051 1629 simulacr
1158 1585 1254 1629 odis
1284 1584 1504 1642 pallentia
1533 1584 1671 1627 miris.

426 1667 514 1712 Sed
560 1669 656 1713 sive
701 1670 757 1713 ab
798 1669 943 1713 Ennio
988 1669 1041 1713 ho
1111 1669 1264 1713 fiotum
1304 1672 1375 1713 est
1418 1669 1511 1713 sive
1551 1684 1578 1713 a
1606 1668 1830 1718 Lucretio,

308 1738 542 1795 Vergilius
574 1738 690 1782 hunc
722 1754 968 1782 sermonem
1069 1739 1399 1796 antiquioribus
1421 1739 1567 1796 poetis
1587 1739 1832 1782 formatum

308 1808 504 1865 accepit;
552 1810 703 1852 tamen
748 1808 982 1866 exemplis,
1029 1824 1143 1866 quae
1185 1809 1443 1853 attulimus.
1493 1808 1831 1852 demonstratur

308 1877 566 1933 Vergilium
599 1892 678 1920 suo
710 1878 839 1921 modo
871 1877 984 1921 illud
1016 1878 1197 1922 variare
1232 1877 1468 1921 studuisse.

431 1946 653 1990 Similiter
687 1948 953 2000 ‚terminum‘
986 1947 1229 1991 transtulit
1259 1947 1491 2004 Vergilius
1524 1946 1608 1990 hoc
1634 1946 1754 1990 loco:

426 2031 471 2083 3)
504 2031 546 2087 (ἓ
576 2031 650 2085 29)
691 2046 734 2088 g.
767 2032 849 2075 IV.
881 2032 965 2073 472
1008 2052 1060 2068 =
1102 2032 1154 2074 L.
1186 2032 1358 2081 IV.‚35
1405 2031 1832 2088 simulacraque

304 2099 436 2143 luce
466 2103 772 2143 carentum
805 2103 883 2154 (Ψ.
903 2101 958 2142 72
988 2104 1163 2155 βροτῶν
1194 2102 1355 2142 εἴδωλα
1384 2101 1644 2156 καμόντων).

423 2180 524 2224 1)υο
557 2181 648 2225 alia
679 2181 961 2226 hemistichia
1002 2181 1160 2225 deinde
1192 2183 1471 2236 afferuntur,
1517 2197 1630 2239 quae
1669 2197 1832 2226 revera

304 2265 396 2293 non
427 2252 605 2294 mutata
635 2251 877 2295 transtulit
907 2251 1162 2309 Vergilius:

419 2334 465 2390 4)
495 2336 536 2392 (ξ
559 2336 631 2391 30)
653 2350 689 2379 a.
712 2335 793 2379 IX.
817 2336 902 2379 794
933 2350 1108 2393 asper
1139 2337 1347 2380 acerba
1377 2342 1546 2380 tuens
1577 2336 1649 2394 (de
1671 2336 1828 2391 leone),

307 2405 423 2461 quod
452 2404 639 2448 Lueret.
665 2406 718 2449 V.
745 2406 800 2448 33
833 2406 887 2449 de
920 2409 1129 2463 serpente
1162 2406 1351 2449 dixerat.
1399 2406 1541 2460 Quam
1561 2408 1699 2462 grata
1714 2407 1828 2450 Ver-

303 2473 413 2530 gilio
459 2474 601 2518 fuerit
640 2475 722 2518 illa
753 2468 991 2519 'verborum
1033 2474 1293 2532 compositio
1324 2475 1662 2519 demonstratur
1695 2475 1829 2519 simili

305 2544 401 2586 loco
432 2559 475 2599 g.
507 2544 597 2587 ΙΙΙ.
632 2544 715 2586 149
747 2559 879 2600 asper
910 2545 1073 2587 acerba
1104 2558 1267 2586 sonans
1299 2544 1370 2599 (de
1402 2544 1545 2598 asilo).

420 2625 464 2683 5)
496 2629 538 2682 (ἓ
569 2627 644 2682 44)
682 2642 721 2671 a.
754 2626 787 2670 Ι.
822 2628 903 2670 691
950 2630 1000 2671 at
1037 2628 1184 2672 Venus
1228 2628 1423 2671 Ascanio
1468 2628 1687 2684 placidam
1728 2645 1756 2685 p
1771 2644 1829 2672 er

302 2698 544 2740 membra
576 2697 832 2754 quietem
863 2697 1089 2755 irrigat

368 2764 374 2766 ’
421 2767 473 2809 L.
495 2766 578 2810 lV.
602 2768 684 2809 907
718 2783 833 2810 nunc
854 2769 1014 2824 quibus
1046 2768 1126 2810 ille
1146 2767 1289 2810 modis
1312 2782 1488 2811 somnus
1520 2783 1600 2825 per
1631 2769 1829 2811 membra

301 2836 500 2893 quietem
531 2835 698 2894 irriget
