2088 3268
953 166 980 207 7

201 279 464 323 XI-——XIIL
497 307 553 312 —
594 296 618 324 e
660 280 852 325 diversis
883 278 1085 323 fontibus
1115 279 1381 334 hausisset);
1414 278 1572 321 deinde
1602 277 1718 321 liber

201 347 280 391 ille
311 348 563 407 exscriptus
594 348 802 407 proditur
831 347 981 391 verbis
1021 360 1134 404 quae
1175 348 1281 390 sunt
1312 348 1422 404 (cap.
1455 345 1535 388 XI.
1552 343 1615 401 1):
1658 347 1719 398 ‚et

201 417 310 461 haec
339 417 512 474 quidem
543 419 706 461 iudicio
737 417 1057 473 legentium
1078 416 1371 473 relinquenda
1399 418 1517 468 sunt,
1549 418 1601 458 ut
1631 415 1719 472 ipsi

201 486 463 541 aestiment,
507 487 614 545 quid
655 486 848 530 debeant
890 485 944 530 de
983 485 1219 543 utriusque
1261 484 1502 529 collatione
1534 484 1715 528 sentire.

202 556 252 599 Si
278 558 430 600 tamen
470 572 539 600 me
581 556 873 607 consulas,
917 570 1006 598 non
1034 555 1239 611 negabo.
1266 557 1314 609 .‘;
1356 554 1493 598 etiam
1531 569 1555 598 e
1594 568 1718 597 more

202 637 298 668 esse
343 624 562 678 Macrobi,
615 627 669 668 ut
715 624 926 681 ,singulos
971 623 1018 666 in
1066 623 1255 680 singulis
1301 624 1432 666 rebus
1482 622 1716 666 narrandis

201 696 409 737 auctores
432 696 675 751 sequatur‘,
708 693 961 737 Wissowae
983 693 1304 736 dissertatione
1318 692 1350 747 ⁵)
1372 693 1612 749 probatum
1633 693 1715 735 est.

317 763 442 817 Quae
473 763 526 806 de
558 763 723 806 ceteris
747 761 931 806 Graecis
964 763 1143 820 profert
1164 762 1431 814 Macrobius,
1464 776 1517 804 ea
1548 762 1717 818 partim

200 831 471 887 antecedunt
502 831 770 875 tractationi
800 831 1074 885 Homericae,
1114 831 1282 888 partim
1313 845 1411 875 eam
1442 833 1713 888 sequuntur;

199 899 300 955 illa,
332 915 447 958 quae
476 900 748 944 antecedunt
778 901 889 958 (cap.
920 899 1117 956 I.1-6)‚
1150 900 1286 943 etiam
1316 900 1363 942 in
1394 899 1716 943 dissertatione

198 969 438 1015 Homerica
482 970 700 1026 prooemii
739 969 884 1012 locum
928 969 1135 1012 habuisse
1179 968 1426 1012 verisimile
1469 971 1552 1012 est.
1629 968 1717 1012 Sed

199 1040 324 1082 certe
354 1038 656 1083 demonstrari
696 1040 851 1097 potest
887 1038 1008 1082 inter
1046 1038 1176 1081 huius
1216 1037 1434 1095 prooemii
1464 1039 1605 1081 verba
1634 1038 1716 1081 ali-

199 1108 433 1164 quidesse
463 1109 693 1164 insertum,
726 1108 844 1166 quod
873 1123 929 1152 ex
958 1109 1048 1152 alio
1078 1108 1204 1152 fonte
1232 1108 1429 1151 fluxerit.
1481 1107 1598 1165 Nam
1619 1123 1716 1151 cum

198 1177 245 1220 in
275 1178 347 1233 §6
376 1177 555 1221 initium
584 1178 666 1222 fiat
687 1178 837 1221 verbis
860 1192 972 1235 quae
1004 1179 1128 1221 sunt:
1164 1177 1263 1232 ,iam
1289 1193 1395 1221 vero
1416 1178 1583 1221 Aeneis
1615 1177 1715 1235 ipsa

198 1262 342 1290 nonne
372 1249 427 1290 ab
458 1248 650 1291 Homero
683 1247 768 1290 sibi
797 1249 1004 1290 mutuata
1035 1249 1105 1290 est
1137 1241 1349 1290 errorem‘
1381 1262 1417 1290 e.
1450 1262 1521 1303 qu.
1556 1263 1606 1300 s.‚
1648 1262 1712 1290 se·

199 1316 366 1373 quitur,
398 1319 451 1360 ut
479 1316 527 1359 in
557 1316 633 1371 iis,
677 1330 790 1373 quae
822 1316 1168 1370 antecedebant,
1217 1316 1401 1373 proprie
1431 1315 1486 1359 de
1517 1316 1716 1360 Aeneide

198 1386 390 1428 nondum
421 1386 653 1442 quicquam
674 1386 841 1429 dictum
861 1385 1016 1428 fuerit.
1068 1386 1138 1428 Ac
1159 1400 1318 1428 revera
1348 1386 1395 1427 in
1424 1386 1555 1428 initio
1585 1400 1715 1441 para-

198 1454 360 1512 graphi
391 1455 697 1498 antecedentis
727 1480 783 1485 —
813 1454 859 1497 id
890 1455 1009 1512 quod
1030 1459 1336 1512 exspectamus
1371 1480 1423 1485 —
1456 1455 1510 1498 de
1533 1454 1713 1512 Eclogis

198 1526 247 1567 et
277 1523 511 1581 Georgicis
542 1525 743 1568 breviter
774 1524 951 1581 agitur:
1001 1524 1308 1578 ‚Dicturumne
1347 1538 1416 1567 me
1445 1525 1620 1580 putatis
1662 1538 1715 1568 ea

199 1607 310 1650 quae
351 1593 487 1651 vulgo
530 1598 639 1637 nota
682 1597 808 1647 sunt,
864 1593 978 1651 quod
1018 1593 1389 1637 Theocritum
1432 1593 1516 1637 sibi
1556 1594 1716 1637 fecerit

199 1663 442 1720 pastoralis
476 1663 624 1720 operis
656 1665 908 1717 auctorem,
949 1663 1117 1706 ruralis
1150 1663 1478 1716 Hesiodum,
1520 1665 1568 1706 et
1598 1663 1715 1720 quod

197 1732 244 1774 in
293 1732 403 1789 ipsis
460 1731 693 1789 Georgicis
744 1732 1028 1789 tempestatis
1080 1732 1429 1789 serenitatisque
1481 1732 1610 1788 signa
1660 1732 1714 1775 de

200 1800 373 1844 Arati
414 1801 734 1845 Phaenomenis
774 1802 996 1845 traxerit‘.
1058 1801 1188 1845 Unde
1227 1802 1432 1845 idoneum
1473 1804 1573 1845 erat
1614 1816 1713 1858 per-

196 1884 327 1926 gere:
375 1870 475 1924 ,iam
521 1885 629 1914 vero
661 1869 827 1914 Aeneis
870 1870 969 1927 ipsa
1000 1905 1009 1913 .
1033 1872 1071 1913 .‘.
1148 1870 1236 1914 Sed
1280 1870 1434 1927 pergit
1463 1870 1714 1914 Macrobius

198 1939 310 1982 miro
341 1939 490 1982 modo:
526 1940 612 1992 ‚vel
642 1940 760 1996 quod
790 1939 1066 1983 eversionem
1098 1939 1261 1982 Troiae
1291 1973 1300 1982 .
1324 1973 1333 1982 .
1367 1954 1394 1982 a
1423 1939 1711 1982 Pisandro

197 2022 336 2064 paene
376 2008 433 2051 ad
462 2009 649 2052 verbum
686 2009 1070 2065 transcripserit‘;
1114 2010 1250 2065 atque
1291 2012 1540 2065 sequuntur
1569 2008 1713 2052 multa

197 2079 336 2121 verba
366 2077 420 2121 de
450 2077 671 2122 Pisandro
703 2093 862 2134 magno
893 2080 1042 2136 poeta.
1106 2078 1229 2132 Quae
1272 2093 1359 2121 non
1400 2079 1581 2121 tantum
1612 2092 1711 2121 con-

196 2147 344 2190 traria
376 2150 481 2190 sunt
512 2149 812 2205 sequentibus,
854 2149 931 2191 sed
960 2148 1073 2191 mira
1102 2148 1184 2191 hoc
1217 2163 1402 2205 quoque,
1435 2147 1553 2204 quod
1585 2147 1713 2191 velut

198 2216 346 2273 ‚vulgo
387 2219 507 2259 nota‘
528 2216 559 2273 6)
601 2217 865 2260 referuntur
903 2217 978 2261 vel
1017 2217 1180 2274 ,pueris
1221 2217 1476 2260 decantata‘
1496 2216 1550 2272 6);
1595 2217 1713 2273 quod

196 2286 236 2330 si
266 2288 358 2340 est,
400 2301 478 2329 cur
516 2286 570 2329 de
600 2286 821 2330 Pisandro
852 2287 1006 2330 multis
1039 2287 1188 2330 verbis
1221 2288 1376 2343 agitur
1410 2289 1462 2329 ut
1494 2286 1548 2329 de
1580 2289 1714 2343 poeta

195 2355 512 2412 ignotissimo?
542 2355 673 2399 Unde
703 2356 952 2412 colligimus
985 2370 1048 2406 ea,
1090 2370 1203 2412 quae
1235 2356 1288 2399 de
1320 2355 1542 2399 Pisandro
1574 2356 1712 2398 affert

195 2425 469 2480 Macrobius,
509 2425 657 2469 aliena
687 2441 784 2470 esse
815 2427 870 2469 ab
903 2428 1089 2470 auctore
1120 2426 1359 2483 principali
1390 2427 1528 2483 atque
1559 2439 1586 2468 a
1617 2425 1709 2469 Ma-

197 2494 346 2537 crobio
378 2494 557 2537 aliunde
587 2495 744 2537 addita
763 2495 807 2548 ⁷).

314 2624 352 2664 5)
377 2620 419 2656 Gr.
445 2621 634 2664 Wissowa,
663 2622 716 2656 De
742 2622 920 2656 Macrobii
945 2621 1118 2656 fontibus.
1146 2622 1365 2657 Wratislaw.
1396 2624 1496 2657 1880.
1523 2634 1557 2666 p.
1584 2625 1615 2656 2.

315 2680 352 2723 6)
377 2679 440 2715 Bis
465 2678 579 2725 idem;
615 2680 771 2716 alterum
797 2680 1050 2725 exscripsisse,
1077 2680 1232 2716 alterum
1259 2680 1441 2717 addidisse
1468 2680 1610 2717 videtur
1635 2681 1712 2716 Ma—

195 2737 349 2773 crobius.
618 2772 620 2774 .

311 2798 349 2842 7)
375 2796 428 2833 Of.
447 2797 626 2834 Wissowa
643 2798 665 2835 l.
680 2799 702 2834 l.
721 2810 754 2844 p.
774 2801 806 2835 9.
834 2798 1011 2845 ,adsuevit
1029 2809 1139 2845 porro
1158 2798 1365 2835 Macrobius
1392 2798 1547 2836 adsuere
1573 2810 1711 2845 pannos

198 2857 346 2903 parvuli
369 2857 581 2902 plerumque
600 2859 756 2893 ambitus
782 2869 826 2893 ex
852 2859 933 2894 aliis
958 2858 1120 2894 fontibus
1139 2859 1383 2903 depromptos,
1411 2870 1500 2902 quos
1527 2870 1605 2893 cum
1632 2860 1713 2903 ipsa
