2088 3268
1112 187 1168 231 46

381 297 566 343 eandem
596 315 691 343 rem
721 300 1049 355 laudaverant,
1096 302 1262 354 iterum
1292 306 1340 347 et
1369 304 1535 348 iterum
1564 304 1790 362 inspectos
1822 306 1905 348 aut

380 367 555 412 imitari
585 369 815 414 studuerit
844 374 928 415 aut
956 371 1163 416 meliores
1195 372 1396 418 reddere.
1471 372 1570 417 Hoc
1599 373 1775 430 quidem
1804 372 1901 416 loco

380 437 488 480 mihi
535 438 718 482 videtur
769 454 948 497 operam
993 440 1286 498 impendisse,
1334 447 1387 486 ut
1434 444 1673 500 superaret
1721 441 1903 487 Lucreti

381 508 623 566 exemplar.

496 578 567 621 Ex
597 582 765 623 natura
804 580 875 623 rei
905 579 969 634 fit,
1010 583 1063 623 ut
1093 580 1139 623 in
1171 580 1426 637 insequenti
1467 583 1597 638 parte
1627 580 1901 625 laudationis

382 647 505 692 vitae
535 648 736 693 rusticae
775 649 909 707 plura
938 650 1237 703 inveniamus,
1281 665 1394 708 quae
1424 650 1610 695 Lucreti
1640 665 1817 694 carmen
1856 650 1905 693 in

381 718 652 760 memoriam·
691 723 917 762 revocent.
1007 719 1134 762 Dicit
1185 720 1300 762 enim
1349 719 1582 775 Vergilius
1634 735 1680 763 se
1732 733 1905 776 quoquc

382 786 531 843 magni
552 786 794 832 aestimare
825 802 1003 832 carmen
1022 787 1376 846 philosophicum
1408 814 1461 821 -
1480 789 1572 848 'sed
1602 804 1651 833 se
1671 789 1904 846 praeferre

380 871 490 900 rura
521 860 568 900 et
589 872 765 912 amnes;
799 858 1034 915 praedicat
1055 858 1232 915 quidem
1252 858 1576 917 philosophum,
1610 858 1685 917 qui
1705 858 1905 902 homines

380 929 504 970 metu
547 926 814 972 liberaverit
847 953 900 958 —
933 928 1011 971 sed
1050 944 1141 972 non
1170 928 1314 972 minus
1347 943 1445 972 eum
1484 928 1686 987 appellat
1714 927 1903 980 felicem,

384 996 502 1049 ,deos
536 998 611 1054 qui
651 998 782 1041 novit
812 998 1022 1054 agrestis‘
1067 1001 1114 1041 et
1144 998 1303 1042 deinde
1345 998 1525 1042 labores
1556 1000 1750 1042 urbanos
1791 1012 1904 1041 com-

381 1069 517 1125 parat
547 1082 645 1111 cum
667 1067 786 1112 dulci
817 1068 909 1111 otio
932 1069 1056 1112 vitae
1087 1069 1298 1112 rusticae.
1351 1068 1648 1126 Philosophus
1677 1068 1753 1111 ille
1775 1082 1905 1124 quem

380 1136 538 1180 laudat
569 1137 805 1195 Vergilius
837 1137 1015 1181 nomine
1045 1153 1133 1181 non
1163 1137 1332 1191 allato,
1376 1138 1471 1182 sine
1503 1137 1635 1181 dubio
1666 1136 1904 1181 Lucretius

381 1208 451 1249 est
499 1207 571 1259 (cf.
606 1206 766 1249 Munro
812 1207 870 1249 ad
904 1207 1036 1250 Lucr.
1067 1208 1105 1249 Ι.
1138 1208 1222 1260 77).
1284 1207 1415 1260 Quod
1456 1210 1509 1250 ut
1549 1207 1693 1249 lector
1737 1206 1834 1263 ipse
1880 1220 1904 1247 e

381 1274 530 1319 verbis
563 1278 818 1332 cognoscat,
850 1276 1139 1321 Lucretianis
1172 1277 1321 1321 utitur
1351 1276 1584 1334 Vergilius
1612 1291 1701 1320 non
1729 1276 1776 1319 in
1805 1274 1903 1333 phi-

380 1344 621 1401 losophicis
645 1346 800 1399 solum,
832 1347 909 1388 ubi
930 1361 1104 1402 semper
1126 1346 1311 1389 Lucreti
1332 1346 1566 1399 ‚terminis‘
1598 1346 1667 1388 uti
1688 1345 1898 1388 debebat:

495 1414 594 1458 476.
638 1429 874 1471 percussus
905 1429 1056 1459 amore
1092 1438 1140 1451 κ
1171 1415 1222 1458 L.
1255 1415 1291 1457 I.
1326 1415 1393 1457 19.
1435 1415 1655 1459 incutiens
1689 1414 1901 1458 blandum

381 1498 462 1539 per
492 1487 680 1541 pectora
710 1498 902 1528 amorem
935 1485 1007 1539 (cf.
1039 1485 1074 1527 I.
1108 1485 1222 1540 924).

495 1553 595 1596 478.
627 1553 830 1597 defectus
849 1553 955 1597 solis
978 1554 1129 1597 varios
1150 1553 1368 1610 lunaeque
1389 1553 1566 1596 labores
1590 1570 1642 1590 m
1663 1552 1714 1594 L.
1738 1553 1793 1596 V.
1817 1554 1897 1595 751

381 1621 489 1665 solis
518 1622 627 1666 item
659 1637 833 1680 quoque
858 1622 1059 1666 defectus
1091 1622 1310 1680 lunaeque
1339 1622 1554 1666 latebras.

496 1692 595 1734 479.
627 1691 743 1734 unde
774 1694 943 1735 tremor
978 1692 1113 1735 terris
1146 1708 1199 1729 m
1229 1692 1280 1734 L.
1313 1691 1394 1734 VI.
1426 1692 1511 1734 577
1551 1693 1622 1734 est
1651 1690 1757 1734 haec
1787 1690 1900 1735 eius-

381 1760 481 1804 dem
511 1775 686 1818 quoque
716 1761 866 1817 magni
897 1775 1031 1804 causa
1062 1761 1284 1804 tremoris.
1337 1760 1423 1816 (Cf.
1458 1761 1538 1804 VI.
1572 1759 1687 1816 608.)

493 1830 579 1873 481
598 1845 692 1887 sqq.
725 1830 780 1873 cf.
814 1830 864 1873 L.
899 1830 954 1873 V.
987 1830 1072 1873 680
1089 1844 1183 1887 sqq.

495 1900 594 1943 491.
634 1899 731 1943 Iam
771 1914 824 1943 ea
868 1914 941 1952 re,
988 1899 1107 1956 quod
1148 1901 1306 1953 ,metus
1339 1899 1493 1943 omnis‘
1537 1898 1705 1951 ,fatum‘
1749 1898 1904 1952 ,Ache-

382 1970 569 2012 rontem‘
592 1970 841 2026 composuit
856 1969 1102 2025 Vergilius,
1134 1969 1262 2012 nobis
1282 1969 1330 2011 in
1349 1970 1543 2011 mentem
1564 1968 1691 2011 venit
1705 1967 1902 2011 Lucreti.

380 2038 470 2082 Sed
514 2039 657 2095 magis
706 2039 853 2083 elucet
885 2038 1135 2096 Vergilium
1181 2039 1228 2082 in
1274 2032 1452 2082 carmen
1482 2037 1669 2082 Lucreti
1713 2037 1905 2095 digitum

379 2109 625 2161 intendere,
658 2109 776 2166 quod
797 2109 946 2153 verbis
969 2109 1127 2162 utitur,
1160 2123 1274 2166 quae
1305 2110 1434 2151 sunt:
1470 2107 1671 2161 ‚subiecit
1689 2106 1905 2164 pedibus‘,

383 2193 571 2236 quocum
600 2177 806 2222 conferas
847 2178 1034 2222 Lucreti
1065 2178 1102 2221 I.
1135 2178 1192 2221 78
1235 2177 1408 2233 ,religio
1451 2176 1636 2234 pedibus
1678 2176 1906 2220 subiecta‘.

494 2247 593 2290 495.
625 2247 780 2304 populi
809 2247 955 2290 fasces
990 2267 1042 2283 =
1072 2248 1125 2290 L.
1157 2246 1249 2289 111.
1280 2246 1378 2289 996.

495 2316 592 2359 500.
626 2332 679 2354 Ν
710 2315 761 2359 L.
782 2315 839 2360 V.
867 2316 951 2361 937
983 2316 1155 2360 Versus
1179 2317 1412 2373 comparat
1430 2314 1625 2359 Macrob.
1658 2314 1737 2358 VI.
1764 2315 1802 2357 1.
1836 2314 1906 2367 65,

379 2385 455 2428 ubi
486 2400 641 2429 versus
673 2386 831 2428 afferri
862 2385 1077 2438 diximus,
1121 2385 1199 2442 qui
1230 2398 1363 2427 sensu
1392 2385 1572 2427 tantum
1602 2382 1767 2426 similes
1799 2382 1905 2426 sint.

380 2454 468 2499 Sed
498 2455 552 2498 de
583 2455 724 2512 pomis
754 2457 802 2498 et
833 2455 1060 2498 frumento
1093 2453 1340 2510 Vergilius,
1383 2453 1437 2496 de
1468 2468 1578 2509 agro
1609 2455 1787 2496 tantum
1817 2451 1907 2495 Lu-

378 2524 547 2568 cretius
579 2524 703 2567 dicit.

494 2593 648 2637 Etiam
677 2609 750 2637 vv.
783 2594 869 2636 510
886 2608 952 2651 sq.
983 2594 1208 2650 componit
1238 2592 1373 2635 Macr.
1406 2592 1488 2634 VI.
1523 2593 1563 2633 2.
1597 2593 1650 2633 15
1688 2606 1786 2635 cum
1816 2590 1905 2632 Lu-

378 2663 494 2706 creti
533 2677 606 2706 vv.
639 2663 728 2705 111.
768 2663 824 2704 70
839 2677 960 2721 sqq.,
1007 2662 1083 2705 ubi
1122 2662 1315 2719 apparet
1357 2660 1508 2705 verbis
1551 2659 1748 2718 quidem,
1794 2672 1908 2717 quae

379 2734 485 2783 sunt
530 2731 745 2788 ,gaudent
787 2732 1007 2788 sanguine
1036 2731 1274 2784 fratrum‘,
1320 2729 1505 2773 Lucreti
1533 2729 1679 2772 locum
1707 2728 1909 2780 indicari,

379 2800 458 2844 sed
488 2799 664 2857 reliqua
693 2800 1010 2858 compressisse
1040 2799 1296 2858 Vergilium
1326 2801 1474 2857 atque,
1506 2801 1560 2843 ut
1590 2798 1674 2843 hoc
1702 2797 1909 2851 afferam,

377 2870 630 2928 pepercisse
660 2871 912 2922 adjectivis,
944 2885 1058 2928 quae
1090 2876 1193 2914 sunt
1230 2869 1451 2923 ,crudelis‘
1484 2859 1534 2913 et
1564 2868 1755 2922 ,tristis‘.
