2088 3268
1007 181 1063 224 83

282 310 326 351 g.
357 296 392 339 1.
426 297 523 340 375.
567 300 646 340 aut
675 296 836 339 bucula
866 296 1077 339 caelum

399 366 720 424 suspiciens
750 364 974 423 patulis
1007 364 1210 422 captavit
1240 364 1475 407 naribus
1506 378 1639 407 auras

398 438 497 478 aut
526 438 741 492 arguta
770 435 929 478 lacus
963 434 1248 477 circ'umvo
1263 433 1474 476 litavit
1504 434 1766 477 hirundo.

397 508 444 549 et
474 507 674 549 veterem
702 505 749 547 in
779 504 883 548 limo
914 518 1051 547 ranae
1082 503 1279 547 cecinere
1311 503 1536 560 querelam

396 575 570 631 saepius
604 577 652 617 et
682 574 815 617 tectis
847 573 1152 630 penetralibus
1186 573 1351 616 extulit
1383 588 1406 616 o
1422 590 1449 616 v
1464 588 1491 616 a

282 643 378 687 380.
410 647 650 701 angustum
681 643 867 686 formica
896 644 1049 686 terens
1081 642 1170 686 iter
1205 677 1213 685 .
1248 677 1256 685 .

281 714 377 756 383.
408 714 506 757 Iam
526 714 678 756 varias
694 712 746 768 ⁶4)
775 728 804 769 p
816 727 839 755 e
850 713 869 755 1
879 727 905 754 a
915 712 971 768 gi
1002 728 1030 753 v
1043 712 1095 754 ol
1107 729 1131 754 u
1144 727 1167 755 c
1177 727 1200 754 r
1212 728 1234 756 e
1244 728 1263 755 s
1296 715 1343 756 et
1363 727 1476 769 quae
1497 713 1608 755 Asia
1631 713 1795 755 circum

396 782 597 825 dulcibus
628 782 673 824 in
706 782 878 838 stagnis
909 781 1131 825 rimantur
1162 784 1297 838 prata
1328 781 1514 839 Caystri

395 852 667 894 certatim
697 851 851 908 largos
881 851 1045 894 umeris
1075 850 1353 893 infunder
1369 865 1392 893 e
1423 865 1588 894 rores

394 936 510 963 nunc
539 922 675 977 caput
706 920 929 964 obiectare
960 919 1104 973 fretis,
1136 935 1250 962 nunc
1281 935 1463 963 currere
1494 920 1540 962 in
1569 919 1711 963 undas

395 992 441 1032 et
473 1004 492 1032 s
508 994 528 1032 t
538 1005 568 1031 u
579 989 632 1031 di
646 1004 670 1032 o
702 990 922 1032 incassum
953 989 1105 1032 videas
1135 989 1307 1045 gestire
1338 988 1394 1032 la
1405 1005 1432 1030 v
1443 1003 1470 1032 a
1480 1004 1509 1031 n
1518 988 1586 1031 di.

279 1058 356 1102 DS
386 1058 443 1101 ad
474 1075 515 1102 v.
547 1060 644 1102 375.
675 1058 746 1101 hic
775 1058 897 1102 locus
929 1059 982 1102 de
1012 1059 1220 1102 Varrone
1251 1060 1340 1112 est;
1374 1058 1451 1101 ille
1483 1059 1597 1101 enim
1630 1058 1714 1100 sic:

396 1134 491 1170 tum
521 1128 656 1170 liceat
686 1127 835 1183 pelagi
865 1127 1070 1170 volucres
1100 1128 1347 1184 tardaeque
1378 1127 1553 1184 paludis

394 1211 577 1240 cernere
606 1196 855 1252 inexpletas
888 1196 1036 1239 studio
1068 1198 1247 1240 certare
1277 1196 1460 1240 lavandi

395 1270 441 1309 et
472 1266 597 1310 velut
627 1265 856 1309 insolitum
886 1265 1042 1322 pennis
1073 1265 1310 1309 infundere
1340 1281 1486 1309 rorem

392 1338 473 1379 aut
503 1337 669 1391 arguta
698 1335 821 1378 lacus
853 1334 1234 1379 circumvolitavit
1264 1335 1467 1378 hirundo.

1022 1423 1042 1446 *

392 1464 438 1505 et
469 1463 547 1505 bos
581 1461 824 1518 suspiciens
856 1461 1023 1505 caelum
1057 1488 1112 1492 —
1144 1462 1348 1505 mirabile
1381 1462 1477 1505 visu
1512 1488 1561 1493 -

390 1532 574 1574 naribus
606 1532 776 1574 aerium
805 1531 972 1587 patulis
1004 1531 1228 1587 decerpsit
1259 1532 1438 1574 odorem

391 1615 471 1643 nec
500 1600 649 1643 tenuis
681 1600 867 1643 formica
898 1599 1017 1643 cavis
1049 1615 1135 1643 non
1168 1599 1318 1643 evehit
1350 1614 1442 1642 ora.

277 1669 346 1712 Cf.
378 1670 511 1712 Arat.
542 1669 707 1712 Phaen.
741 1670 822 1712 941
840 1684 932 1726 sqq.

390 1738 489 1781 Huc
529 1738 701 1781 accedit
740 1738 862 1781 aliud
901 1738 1110 1781 scholium
1144 1739 1200 1780 ad
1230 1754 1273 1794 g.
1305 1739 1342 1780 I.
1374 1739 1458 1780 397
1504 1739 1670 1791 ‚tenuia
1712 1753 1791 1781 nec

276 1807 405 1850 lanae
436 1822 517 1864 per
548 1808 717 1851 caelum
741 1807 915 1851 vellera
944 1807 1069 1851 ferri‘
1102 1808 1233 1851 Brev.
1268 1822 1415 1865 expos.
1449 1807 1636 1864 (Hagen,
1671 1808 1787 1864 App.

278 1876 404 1919 Serv.
437 1892 477 1933 p.
511 1878 618 1919 265:
662 1877 813 1920 Varro
844 1877 890 1918 in
922 1876 1203 1933 Epimenide:
1252 1878 1400 1928 ‚nubes
1444 1877 1615 1919 vellera
1658 1877 1789 1920 lanae

277 1947 475 1990 stabunt‘
506 1947 773 2004 (,spargunt‘
797 1961 912 1989 corr.
934 1946 1026 1989 Leo
1048 1945 1196 1989 Herm.
1219 1946 1286 1988 37.
1311 1945 1382 2002 52)
1406 1945 1520 1989 sicut
1543 1948 1588 1989 et
1609 1945 1788 1990 Aratus

275 2016 380 2073 <339
411 2016 580 2072 (νέφεα)
612 2011 682 2059 οἷα
713 2017 898 2068 μάλιστα
930 2018 1135 2059 πόκοισιν
1167 2015 1339 2057 ἐοικότα
1370 2016 1685 2072 ἰυδάλλονται>.

391 2085 541 2129 Varro
588 2085 731 2142 igitur
772 2086 861 2129 iam
902 2085 1208 2128 transtulerat
1240 2084 1376 2128 Arati
1420 2100 1579 2129 versus
1627 2101 1790 2144 magna

275 2170 371 2198 cum
414 2162 514 2198 arte
558 2169 639 2198 nec
678 2155 942 2212 simpliciter
973 2155 1134 2198 Latine
1174 2156 1381 2197 verterat
1427 2155 1500 2210 (cf.
1532 2155 1623 2199 Leo
1655 2155 1684 2197 1.
1716 2155 1785 2211 1.);

275 2225 457 2268 videtur
488 2224 663 2281 quidem
694 2226 832 2267 Arati
864 2215 1060 2267 ordinem
1092 2227 1247 2267 tenere
1279 2249 1333 2254 —
1366 2223 1535 2280 delegit
1566 2224 1679 2267 enim
1712 2224 1787 2268 DS

276 2295 384 2339 duos
416 2294 510 2338 eius
549 2294 669 2338 locos
717 2295 787 2351 (=
819 2296 950 2338 Arat.
983 2294 1209 2337 942—944
1242 2296 1288 2337 et
1319 2294 1565 2349 954—956)
1596 2295 1688 2348 ita,
1737 2302 1788 2337 ut

272 2365 433 2407 lacuna
463 2363 526 2406 sit
554 2363 675 2406 inter
704 2379 744 2406 v.
776 2364 859 2406 IV.
891 2367 938 2406 et
967 2363 1023 2406 V.
1056 2389 1123 2415 —‚
1166 2363 1243 2405 sed
1273 2363 1413 2406 libere
1445 2366 1583 2419 auget
1614 2364 1789 2409 Aratea

274 2448 409 2477 versu
438 2433 524 2476 ΠΙ.
550 2435 595 2476 et
617 2433 670 2476 V.
703 2433 939 2490 (‚mirabile
969 2432 1112 2489 visu‘).
1165 2432 1395 2489 Vergilius
1418 2434 1565 2477 totum
1588 2434 1786 2478 ordinem

274 2502 584 2557 commutavit;
631 2502 789 2546 deinde
819 2518 915 2546 cum
946 2502 1096 2546 verbis
1136 2516 1269 2559 saepe
1313 2517 1418 2546 usus
1465 2507 1535 2547 est
1568 2505 1787 2548 Varronis

272 2575 369 2616 tum
399 2587 533 2615 unum
564 2587 738 2615 versum
770 2575 916 2616 totum
947 2572 1004 2616 ad
1034 2574 1219 2616 verbum
1241 2573 1495 2617 transtulit.
1543 2574 1786 2632 Exemplar

272 2642 416 2698 igitur
459 2655 722 2698 quamquam
764 2642 895 2686 valde
935 2642 1109 2686 studuit
1152 2645 1328 2686 mutare
1370 2647 1416 2686 et
1455 2658 1618 2698 augere
1667 2644 1784 2700 (vide

274 2725 411 2769 supra
440 2726 481 2768 p.
513 2711 609 2763 64),
655 2714 805 2755 tamen
836 2712 976 2769 magis
1015 2712 1061 2755 in
1105 2727 1231 2755 usum
1263 2728 1388 2755 suum
1419 2713 1623 2756 exhausit
1656 2728 1785 2770 quam

392 2807 451 2850 64)
477 2806 630 2850 ‚Varias‘
648 2817 768 2842 veram
794 2817 874 2842 esse
890 2807 1092 2851 lectionem,
1118 2819 1189 2842 non
1215 2807 1359 2851 ‚variae‘
1385 2807 1520 2852 (Ribb.)
1548 2807 1699 2841 maxime
1725 2806 1783 2840 de-

272 2869 495 2901 monstratur
520 2866 736 2909 comparatis
762 2865 937 2901 Varronis
962 2867 1135 2902 versibus.
