2088 3268
100 839 157 875 De
182 840 328 876 scholiis

86 890 124 923 et
148 887 337 924 Macrobio

1099 173 1126 216 6

357 297 476 338 esse;
518 299 630 343 quae
662 285 897 331 doctorum
928 286 1179 331 studiorum
1210 301 1344 331 causa
1375 287 1580 343 quaesita
1610 291 1771 344 postea
1800 289 1874 332 vel

355 354 412 396 ab
445 356 827 398 obtrectatoribus
859 355 1114 398 deformata
1133 355 1207 398 vel
1237 355 1292 397 ab
1323 354 1514 398 indoctis
1540 369 1698 412 parum
1729 355 1873 400 mode-

358 422 473 466 ratis
506 422 656 467 verbis
688 423 870 468 reddita
899 423 958 468 ad
986 439 1067 468 nos
1099 430 1334 468 venerunt.

813 731 841 781 Ι.
915 731 983 782 De
1022 732 1177 795 poetis
1212 731 1426 784 Graecis.

473 842 606 886 Servi
647 842 1011 886 commentarium
1031 842 1062 899 l)
1108 846 1286 887 constat
1332 857 1518 901 parvam
1559 843 1702 887 totius
1752 843 1874 888 scho-

355 912 520 956 liorum
551 913 703 972 copiae
733 913 950 968 praebere
980 914 1157 968 partem
1187 914 1235 955 et
1265 926 1361 956 eam
1386 912 1519 956 vilem
1561 912 1876 971 discipulisque

356 982 546 1025 maxime
574 981 796 1033 idoneam;
829 996 915 1038 quo
937 981 1002 1034 fit,
1023 983 1076 1024 ut
1096 983 1282 1038 praeter
1303 982 1599 1025 Homerum
1618 982 1876 1026 inAeneide

354 1052 693 1109 frequentatum
724 1050 966 1107 exemplar,
998 1050 1373 1094 Theocritum
1404 1050 1686 1107 Eclogarum,
1719 1051 1875 1095 Hesi-

356 1137 380 1164 o
392 1121 513 1163 dum
530 1120 857 1177 Georgicorum
878 1120 1151 1177 exemplaria
1171 1121 1348 1177 saepius
1368 1121 1597 1165 nominata
1617 1121 1715 1164 fere
1737 1121 1875 1164 solius

354 1191 401 1233 in
441 1189 642 1233 Aeneide
683 1188 961 1246 Apolloni
1003 1189 1213 1233 Rhodii
1253 1190 1451 1247 vestigia
1481 1190 1555 1233 via
1598 1190 1788 1247 quadam
1830 1194 1877 1234 et

354 1259 534 1303 ratione
579 1258 880 1302 ostendantur
899 1258 951 1313 2),
1003 1258 1050 1301 in
1090 1258 1324 1314 Georgicis
1367 1259 1488 1303 solus
1531 1259 1715 1302 accedat
1742 1259 1876 1302 Ara-

354 1332 448 1372 tus
470 1328 514 1384 3).
571 1328 741 1380 Quibus
775 1327 1002 1370 interdum
1025 1327 1169 1371 auctis
1201 1327 1330 1371 addit
1351 1327 1535 1372 Servius
1565 1343 1693 1385 quem
1723 1328 1878 1372 dicunt

353 1397 640 1442 Danielinum
658 1397 692 1454 4)
737 1413 871 1440 unum
916 1397 953 1439 T
966 1397 993 1439 h
1006 1412 1029 1440 e
1043 1413 1067 1440 o
1079 1413 1106 1453 p
1119 1413 1143 1440 o
1155 1413 1236 1454 mp
1249 1413 1350 1451 um,
1408 1397 1547 1440 Probi
1590 1398 1667 1454 qm'
1711 1398 1877 1441 dicitur

355 1467 699 1511 commentarius
732 1466 1195 1509 Eratosthenem.

471 1535 671 1579 Macrobi
689 1535 1054 1578 saturnaliorum
1080 1535 1196 1578 liber
1214 1535 1269 1588 V,
1302 1550 1387 1592 quo
1405 1535 1584 1592 Vergili
1605 1535 1878 1593 exemplaria

353 1620 519 1662 graeca
549 1605 767 1662 quaedam
798 1604 989 1648 collecta
1010 1605 1276 1655 afferuntur,
1310 1620 1332 1648 e
1354 1604 1653 1661 compluribus
1675 1604 1877 1649 fontibus

355 1675 537 1719 videtur
583 1674 779 1718 fluxisse.
856 1674 1016 1718 Omnia
1060 1675 1197 1728 enim,
1245 1689 1359 1731 quae
1401 1674 1456 1717 de
1500 1674 1695 1718 Homero
1739 1676 1877 1719 affert

354 1745 628 1796 Macrobius,
675 1744 751 1786 uni
794 1744 948 1786 deberi
993 1743 1307 1787 dissertationi
1355 1743 1513 1786 doctae
1543 1743 1877 1787 demonstratur

353 1814 423 1857 his
474 1814 631 1857 rebus:
679 1813 871 1870 primum
918 1812 1086 1870 singuli
1129 1812 1186 1856 ad
1233 1812 1432 1869 singulas
1478 1815 1634 1870 partes
1680 1813 1769 1857 loci
1810 1815 1878 1858 ita

354 1884 705 1936 distribuuntur,
738 1885 790 1925 ut
820 1882 1020 1925 ordinem
1052 1884 1240 1926 teneant
1271 1896 1483 1926 versuum
1508 1881 1877 1938 Vergilianorum

354 1956 492 2010 atque
523 1953 600 1996 vix
628 1967 742 1995 unus
773 1952 896 1995 locus
936 1951 1005 1994 bis
1046 1952 1267 1995 afferatur
1296 1951 1359 2007 (id
1389 1951 1508 2008 quod
1537 1951 1749 1995 facillime
1778 1952 1876 1995 fieri

353 2023 516 2079 potuit,
552 2022 594 2065 siv
610 2021 864 2064 Macrobius
887 2047 942 2051 —
964 2020 1183 2077 imprimis
1204 2021 1252 2063 in
1273 2034 1397 2078 capp.
1420 2020 1592 2065 IV—X
1613 2024 1660 2064 et
1679 2021 1727 2063 in
1749 2035 1873 2079 capp.

479 2147 514 2189 1)
540 2144 644 2180 Infra
669 2145 815 2189 saepius
842 2144 1106 2189 significabitur
1131 2144 1257 2179 littera
1283 2144 1316 2179 S.

477 2206 514 2248 2)
542 2204 729 2239 Accedunt
764 2204 895 2247 tragici
929 2207 1061 2247 poetae
1107 2203 1412 2248 [Aeschylum
1449 2213 1481 2237 a.
1509 2203 1567 2237 VI.
1609 2206 1652 2239 19
1687 2203 1876 2248 remigium

356 2264 497 2299 alarum
523 2279 567 2293 =
593 2264 718 2306 Agam.
747 2265 791 2297 52
817 2262 1009 2306 πτερύγων
1028 2259 1210 2307 ἐρετμοῖσι
1234 2258 1479 2307 ἐρεσσόμενοι,
1501 2261 1548 2297 cf.
1563 2262 1708 2297 Lucret.
1727 2262 1787 2297 Vl.
1807 2264 1875 2297 743

356 2323 485 2368 remigi
511 2323 646 2357 oblitae
673 2333 883 2367 pennarum.
914 2342 957 2348 -
984 2320 1291 2366 Euripideae
1317 2321 1511 2356 Alcestidis
1538 2323 1584 2366 (v.
1603 2322 1664 2364 74)
1690 2322 1876 2365 exemplar

352 2382 501 2417 scholiis
528 2381 681 2415 affertur
708 2380 755 2415 ad
780 2391 812 2415 a.
839 2381 900 2415 IV.
926 2383 996 2415 694
1007 2390 1105 2424 sqq.‚
1131 2380 1193 2414 ubi
1219 2379 1287 2414 Iris
1315 2378 1449 2414 Didoni
1473 2383 1638 2414 mortuae
1664 2381 1799 2415 crinem
1823 2379 1874 2414 in-

352 2441 498 2475 ducitur
524 2438 750 2483 abscindens,
778 2438 823 2474 cf.
842 2439 1003 2474 Macrob.
1029 2439 1072 2474 V.
1096 2441 1148 2474 19.
1176 2440 1213 2483 1;
1240 2437 1288 2474 ad
1305 2449 1336 2474 a.
1357 2438 1418 2474 IV.
1438 2441 1507 2475 470
1520 2438 1708 2484 Euripidis
1726 2438 1873 2484 (Bacch.

351 2502 439 2545 914)
466 2504 502 2535 et
521 2499 655 2535 Pacuvi
680 2499 813 2535 mentio
840 2499 891 2543 fit,
926 2498 973 2534 ad
992 2510 1023 2534 a.
1042 2499 1121 2534 VII.
1142 2501 1209 2534 337
1237 2498 1425 2542 Euripidis
1447 2499 1612 2541 (Hecuba
1639 2499 1735 2543 320).
1774 2498 1875 2541 Quae

351 2564 463 2603 auget
499 2559 661 2593 Macrob.
688 2559 730 2592 V.
759 2560 816 2592 22.
842 2561 862 2593 7
899 2557 946 2593 ad
982 2568 1013 2592 a.
1040 2558 1085 2592 ΙΙ.
1113 2559 1178 2592 351
1217 2556 1261 2592 de
1295 2556 1364 2592 diis
1402 2556 1539 2602 templa
1573 2556 1873 2602 relinquentibus,

351 2619 395 2653 V.
425 2620 536 2657 18.13
572 2617 619 2653 ad
655 2628 685 2653 a.
713 2617 793 2652 VII.
822 2619 891 2653 684
924 2616 969 2652 de
995 2617 1183 2661 Hernici83
1209 2616 1304 2652 idem
1329 2617 1372 2651 V.
1404 2618 1454 2651 19.
1482 2619 1513 2651 6.
1541 2636 1585 2642 —-
1613 2616 1873 2661 Sophoclis

353 2676 571 2722 Ριζοτόμους
596 2676 704 2711 affert
729 2676 776 2710 ad
802 2687 832 2711 a.
860 2677 921 2710 IV.
948 2676 1045 2721 513.]
1074 2679 1375 2710 etAnacreon
1402 2677 1450 2718 (a.
1478 2676 1505 2709 I.
1531 2676 1600 2709 749
1626 2679 1663 2710 et
1688 2675 1749 2710 XI.
1777 2676 1872 2720 550).

472 2739 509 2782 3)
537 2737 733 2771 Praeterea
775 2734 1028 2780 Xenophontis
1068 2734 1308 2770 Oeconomica
1349 2736 1398 2780 (g.
1435 2735 1460 2769 1.
1498 2736 1559 2780 43)
1598 2738 1634 2769 et
1667 2733 1876 2774 ἀδέσποτος

351 2807 479 2832 versus
506 2799 555 2842 (g.
582 2796 609 2830 1.
637 2797 733 2840 227).
1055 2801 1058 2804 ’
1470 2794 1473 2797 ’

473 2857 512 2901 4)
537 2854 640 2891 Infra
666 2854 812 2901 saepius
839 2854 973 2891 litteris
999 2854 1059 2890 DS
1085 2854 1357 2899 significabitur.
