2088 3268
824 912 869 963 ΙΙ.
935 912 1003 963 De
1024 912 1196 987 *poetis
1230 912 1416 963 Latinis.

88 1027 338 1110 ggehfssgffliso
482 1038 614 1081 Servi
657 1037 998 1081 commentarius
1042 1038 1179 1081 affert
1218 1037 1299 1080 hos
1341 1039 1498 1094 poetas
1540 1035 1662 1079 inter
1702 1034 1881 1092 Vergili

366 1107 661 1164 exemplaria:
694 1107 898 1161 Ennium,
930 1107 1203 1160 Lucretium,
1235 1106 1467 1159 Lucilium,
1499 1105 1753 1158 Pacuvium,
1797 1104 1879 1148 Ca-

361 1177 539 1230 tullum,
572 1176 824 1219 Varronem
853 1176 1107 1229 Atacinum,
1149 1175 1426 1227 Sallustium,
1458 1174 1506 1218 C.
1538 1173 1757 1217 Licinium
1786 1173 1879 1215 Ma-

361 1261 512 1290 cerum
543 1244 744 1297 Calvum,
777 1245 1037 1289 Cornelium
1068 1244 1270 1295 Gallum,
1312 1244 1470 1302 quibus
1501 1243 1673 1287 accedit
1703 1257 1880 1286 carmen

359 1314 544 1373 aliquod
575 1329 752 1358 sacrum
783 1317 832 1358 et
861 1315 1094 1372 antiquum
1106 1313 1157 1370 33)
1187 1314 1274 1367 (ad.
1307 1329 1346 1358 a.
1379 1313 1509 1357 VIII.
1541 1312 1652 1370 72).·

478 1384 664 1428 Servius
695 1384 974 1437 Danielinus,
1016 1385 1092 1441 qui
1122 1384 1212 1427 iam
1242 1384 1295 1427 de
1326 1383 1395 1426 his
1426 1383 1586 1440 poetis,
1617 1397 1726 1439 quos
1758 1384 1880 1425 attu-

357 1454 505 1507 limus,
529 1453 738 1510 plurimis
760 1453 888 1496 auxit
908 1467 973 1507 ea,
996 1467 1109 1510 quae
1127 1452 1256 1497 Servi
1277 1451 1620 1496 commentarius
1636 1452 1882 1509 praebebat

359 1523 496 1567 etiam
540 1523 638 1579 ipse
682 1523 870 1566 aliorum
912 1529 1148 1580 poetarum
1194 1522 1464 1580 exemplaria
1505 1521 1644 1565 addit.
1716 1521 1879 1564 Tribus

358 1592 475 1635 enim
517 1591 626 1635 locis
659 1591 806 1635 Naevi
836 1591 1064 1649 exemplar
1094 1593 1304 1644 annotat,
1346 1591 1493 1635 tribus
1525 1590 1626 1633 aliis
1656 1589 1765 1634 locis
1794 1589 1880 1633 Ac-

357 1662 474 1704 cium
506 1661 656 1713 affert,
702 1661 837 1705 etiam
877 1675 1054 1704 carmen
1096 1661 1317 1718 quoddam
1348 1660 1579 1717 antiquum
1609 1658 1880 1703 rusticorum

356 1730 517 1774 laudat
546 1730 605 1774 ad
634 1745 678 1787 g.
709 1729 746 1772 I.
781 1729 941 1787 10134).
1015 1729 1195 1774 Scholia
1234 1733 1393 1774 nostra
1431 1730 1625 1788 reliqua,
1666 1731 1880 1786 quantum

357 1800 509 1854 video,
558 1799 743 1843 illorum
771 1803 1006 1857 poetarum
1040 1815 1271 1844 numerum
1301 1815 1390 1843 non
1420 1801 1599 1856 augent,
1633 1799 1711 1842 sed
1740 1798 1879 1843 inter-

355 1870 461 1912 dum
494 1869 549 1912 de
580 1869 738 1917 iisdem
768 1869 858 1913 alia
886 1869 1141 1927 proferunt.

472 1939 723 1986 Macrobius
754 1942 808 1982 ut
835 1940 882 1982 in
911 1939 1018 1982 libri
1041 1940 1081 1982 V
1112 1940 1304 1983 maxima
1333 1941 1467 1997 parte
1497 1953 1631 1981 unum
1651 1940 1879 1981 auctorem

358 2010 537 2052 secutus
569 2010 653 2062 est,
695 2008 763 2051 ita
795 2008 932 2051 etiam
961 2008 1009 2051 in
1037 2007 1068 2051 l.
1102 2008 1182 2053 VI.
1214 2023 1346 2052 unam
1377 2008 1558 2052 videtur
1589 2006 1879 2065 exscripsisse

356 2078 736 2121 dissertationem.
808 2078 996 2120 Librum
1038 2079 1154 2121 enim
1196 2078 1472 2135 exscriptum
1513 2092 1610 2120 esse
1648 2077 1736 2120 iam
1776 2091 1877 2133 cog-

353 2147 575 2191 noscimus
611 2162 635 2191 e
656 2146 792 2203 longa
821 2147 903 2191 illa
926 2147 1112 2205 periodo
1134 2148 1233 2204 (VI.
1255 2149 1292 2191 1.
1314 2147 1371 2204 2),
1394 2163 1481 2204 qua
1501 2147 1663 2191 Furius
1687 2147 1878 2191 Albinus

354 2216 607 2259 orationem
654 2216 836 2273 incipit;
889 2231 1002 2274 quae
1050 2217 1302 2261 sententiae
1347 2232 1433 2260 non
1479 2217 1566 2275 ipsi
1606 2216 1878 2261 conveniunt

352 2286 475 2330 inter
515 2286 678 2329 amicos
720 2286 952 2341 referenti,
998 2287 1076 2332 sed
1117 2288 1293 2332 auctori
1333 2288 1467 2332 alicui
1504 2289 1711 2332 librum
1743 2287 1877 2331 scri-

352 2355 515 2398 benti
546 2354 610 2398 de
641 2355 716 2398 iis
748 2370 888 2414 quae
918 2357 1072 2401 Maro
1115 2357 1178 2400 de
1209 2357 1400 2415 poetis
1431 2357 1661 2402 Latinis
1691 2359 1875 2402 trans·

352 2426 584 2470 tulerit.
649 2426 823 2470 Deinde
862 2428 980 2484 quod
1024 2433 1203 2471 veteres
1248 2430 1406 2485 poetas
1436 2427 1702 2472 contemnit:
1752 2442 1873 2484 ,quos

353 2496 470 2539 sicut
495 2510 709 2553 praesens
742 2511 896 2539 sensus
929 2496 1141 2548 ostendit,
1173 2511 1261 2539 non
1293 2496 1435 2540 solum
1464 2496 1690 2554 neglectui
1720 2510 1875 2540 verum

352 2564 491 2609 etiam
522 2565 636 2609 risui
666 2565 832 2610 habere
863 2566 952 2610 iam
982 2566 1218 2624 coepimus‘
1252 2567 1349 2623 (VI.
1383 2568 1421 2610 1.
1453 2567 1509 2623 5),
1554 2567 1636 2611 hoc
1663 2583 1752 2611 non
1782 2567 1873 2611 Ma·

469 2698 531 2742 33)
559 2699 774 2743 Praeterea,
809 2698 906 2743 quod
931 2699 978 2735 ad
1013 2711 1071 2736 res
1105 2700 1262 2736 rusticas
1288 2700 1437 2744 attinet,
1474 2700 1647 2736 Catonem
1674 2699 1871 2735 Varronem

351 2756 562 2791 Ciceronem
579 2756 626 2791 ad
643 2768 676 2801 g.
691 2758 718 2792 I.
732 2759 787 2792 43.
814 2769 886 2792 una
912 2769 991 2793 cum
1006 2759 1258 2803 Henophontis
1274 2758 1519 2794 Occonomicis
1548 2758 1608 2802 (cf.
1628 2769 1663 2802 p.
1678 2761 1710 2801 6,
1737 2768 1818 2793 ann.
1833 2760 1871 2802 3)

469 2815 530 2860 34)
555 2815 679 2850 Etiam
705 2815 802 2860 quod
828 2815 875 2851 ad
892 2826 1092 2853 sermonem
1111 2817 1281 2862 pertinet,
1301 2818 1590 2854 commemoratio
1615 2817 1657 2853 fit
1675 2817 1712 2853 C.
1728 2818 1872 2853 Memmi

349 2875 399 2917 (a.
426 2874 455 2909 I.
483 2875 566 2919 161)
592 2877 629 2909 et
654 2875 811 2919 Augusti
835 2877 883 2920 (a.
909 2876 936 2912 I.
964 2879 1060 2921 712).
