2088 3268
1063 182 1119 225 84

327 296 528 339 omnibus
570 296 713 340 adhuc
742 297 850 341 locis
891 298 946 340 ab
988 312 1040 342 eo
1084 297 1255 341 factum
1294 295 1498 341 vidimus.
1558 297 1709 341 Etiam
1755 298 1849 341 for-

331 368 456 409 tasse
490 365 677 423 colligas
709 365 963 423 Vergilium
993 367 1200 422 neglecto
1242 366 1340 424 ipso
1370 366 1517 410 Arato
1561 366 1701 410 solum
1734 367 1848 410 Var-

326 431 450 478 ronis
493 448 671 479 carmen
712 461 765 466 -
806 435 923 493 quod
966 434 1162 481 fortasse
1204 435 1349 479 omnia
1389 435 1675 493 tempestatis
1722 436 1850 494 signa

327 504 606 548 continuerit
636 504 707 561 (cf.
742 519 783 548 v.
806 504 909 561 397)
936 531 985 536 —
1009 503 1146 549 aliter
1176 506 1418 550 formatum
1450 503 1711 549 reddidisse.
1760 505 1847 556 (Cf.

329 574 537 626 Skutsch,
584 572 680 616 Aus
712 572 898 630 Vergils
931 572 1163 626 Frflhzeit,
1209 589 1251 631 p.
1285 574 1368 617 108
1414 587 1514 616 ann.
1550 574 1594 627 1,
1641 573 1718 631 qui
1751 589 1848 631 >quo

327 644 594 699 argumento
637 646 815 698 poetam
847 640 1062 693 defendit,
1108 657 1197 685 non
1227 644 1398 700 probo).
1461 642 1589 696 Quod
1636 643 1675 685 si
1716 647 1848 697 esset,

328 708 506 753 omnino
548 711 638 753 alia
678 708 984 755 intercederet
1023 712 1144 754 ratio
1184 710 1306 755 inter
1338 710 1591 769 Vergilium
1630 713 1677 756 et
1707 726 1849 755 exem·

331 780 480 836 plaria
512 794 604 823 sua.

444 849 532 893 Sed
562 848 642 892 hos
674 862 834 892 versus
868 851 915 892 et
946 850 1064 906 quod
1084 850 1281 893 Aratum
1311 853 1358 893 et
1389 850 1505 908 quod
1538 850 1714 907 reliqua
1735 849 1849 893 Ver-

326 918 407 975 gili
442 917 715 976 exemplaria
745 916 926 972 attinet,
970 918 1177 963 eximium
1209 921 1257 963 et
1286 934 1439 963 rarum
1470 919 1614 963 locum
1646 919 1850 964 obtinere

328 986 633 1045 compluribus
663 989 795 1031 rebus
818 988 1167 1031 demonstratur.
1214 987 1414 1031 Primum
1443 989 1559 1032 enim
1590 986 1851 1032 scholiastes

268 1063 270 1065 '
326 1059 455 1100 totos
479 1071 635 1100 versus
659 1057 826 1100 similes
849 1056 1079 1111 exscribit,
1111 1056 1154 1100 id
1179 1056 1295 1114 quod
1315 1057 1439 1100 nullo
1470 1057 1583 1101 facit
1612 1058 1709 1101 loco
1740 1057 1850 1112 alio;

328 1128 572 1170 commotus
615 1126 760 1182 igitur
801 1124 983 1170 videtur
1027 1142 1122 1171 esse
1163 1126 1354 1181 maiore,
1401 1141 1531 1184 quam
1577 1127 1850 1181 observavit,

335 1196 654 1247 similitudine3
700 1194 859 1251 deinde
902 1196 1052 1240 verbis
1092 1212 1199 1240 usus
1241 1198 1334 1250 est,
1377 1211 1491 1254 quae
1533 1196 1620 1239 alio
1659 1197 1756 1240 loco
1788 1197 1850 1239 in·

332 1265 535 1309 venimus
567 1264 713 1308 nullo:
748 1263 831 1318 ,hic
861 1265 985 1310 locus
1019 1265 1080 1310 de
1112 1264 1367 1309 Varrone
1399 1268 1522 1321 est‘3
1567 1280 1708 1323 neque
1738 1266 1851 1309 enim

328 1335 441 1378 dicit
485 1335 760 1378 translatum
805 1350 902 1379 esse
945 1334 1088 1380 locum
1130 1335 1204 1379 vel
1245 1335 1490 1380 formatum
1521 1335 1593 1380 vel
1623 1338 1851 1393 acceptum

303 1418 313 1424 ⁴
335 1405 408 1448 vel
445 1405 774 1448 Varronianum
806 1406 881 1449 vel
912 1406 1155 1461 Varronis3
1202 1407 1343 1450 tertio
1373 1423 1461 1449 non
1493 1422 1640 1450 omnes
1671 1406 1853 1450 videtur

328 1489 487 1518 versus
511 1475 678 1518 afferre
696 1473 932 1530 Varronis,
966 1476 1045 1520 sed
1073 1475 1299 1520 nonnullis
1330 1476 1592 1533 praeteritis
1623 1476 1744 1534 ipsos
1777 1491 1851 1520 eos

328 1545 603 1594 exscribere,
637 1543 796 1601 quibus
828 1544 1061 1601 Vergilius
1090 1561 1196 1589 usus
1228 1549 1299 1588 est
1315 1545 1378 1596 ⁶⁵).
1430 1544 1559 1588 Unde
1590 1545 1715 1602 sequi
1745 1545 1851 1587 mihi

327 1613 524 1664 videtur,
572 1617 634 1662 ut,
682 1612 720 1657 si
762 1614 938 1671 quidem
984 1618 1136 1658 cetera
1180 1630 1353 1672 quoque
1393 1615 1569 1658 Aratea
1611 1614 1852 1658 transtulit

331 1684 496 1736 Varro,
530 1683 760 1739 Vergilius
794 1684 857 1726 eis
888 1699 977 1727 non
1009 1686 1075 1727 ita
1104 1700 1210 1727 usus
1243 1683 1317 1736 sit,
1349 1686 1403 1727 ut
1423 1684 1647 1727 mentione
1670 1683 1850 1740 dignum

328 1752 495 1808 fuerit;
527 1767 629 1796 nam
661 1768 740 1796 cur
772 1754 825 1808 is,
856 1754 933 1812 pui
964 1753 1047 1798 hoc
1077 1754 1173 1798 loco
1202 1752 1419 1797 Varronis
1449 1754 1746 1797 imitationem
1777 1755 1850 1797 ob-

329 1824 553 1875 servavit,
599 1824 716 1867 idem
757 1824 801 1865 in
833 1823 996 1867 ceteris
1030 1825 1269 1867 observare
1311 1838 1401 1866 11011
1430 1823 1583 1884 potuit
1612 1837 1754 1880 neque
1784 1822 1852 1866 ita

328 1891 444 1936 illud
473 1895 635 1937 notare
668 1893 722 1936 de
754 1895 852 1948 toto
887 1893 1063 1949 Vergili
1094 1893 1148 1936 de
1179 1893 1317 1949 signis
1350 1892 1478 1936 loco?
1509 1892 1648 1935 Immo
1680 1893 1851 1949 quaesi-

328 1962 450 2006 visse
493 1963 708 2006 videntur
751 1963 1042 2020 interpretes,
1090 1978 1192 2004 num
1237 1961 1359 2005 aliud
1402 1960 1506 2019 quid
1539 1962 1798 2005 invenirent
1828 1977 1851 2005 e

327 2033 536 2076 Varrone
567 2032 858 2083 translatum,
900 2046 1042 2090 neque
1073 2032 1306 2089 quicquam
1338 2031 1591 2088 repperisse
1621 2031 1708 2075 nisi
1738 2030 1852 2075 illud

327 2118 365 2143 v.
401 2101 485 2145 397
518 2102 705 2156 ,vellera
736 2101 893 2145 lanae‘.
950 2101 1021 2145 Ex
1052 2101 1132 2145 hoc
1161 2102 1304 2158 igitur
1335 2100 1431 2144 loco
1462 2115 1605 2157 neque
1636 2100 1691 2145 de
1711 2100 1850 2145 Phoe-
1876 2119 1878 2121 ’

324 2171 525 2215 nomenis
555 2187 696 2229 neque
731 2171 785 2214 de
823 2171 924 2214 aliis
956 2170 1135 2228 Vergili
1167 2171 1494 2227 exemplaribus
1526 2170 1696 2226 aliquid
1728 2169 1851 2213 'colli-

327 2235 438 2299 gere
471 2241 649 2285 audeas.
705 2241 907 2293 Accedit,
941 2241 1060 2298 quod
1089 2241 1176 2284 iam
1200 2240 1441 2284 statuimus
1465 2239 1714 2298 Vergilium
1744 2254 1850 2283 non-

325 2311 462 2354 nullis
492 2311 602 2353 locis
633 2326 723 2353 non
754 2317 847 2353 tam
877 2310 1066 2352 Ennium
1099 2324 1230 2366 quam
1252 2308 1492 2353 Homerum
1524 2312 1724 2353 secutum
1755 2323 1852 2352 esse

326 2384 464 2438 atque
497 2379 660 2424 similia
691 2382 942 2424 statuemus
975 2379 1028 2423 de
1060 2378 1161 2423 aliis
1193 2379 1302 2423 locis
1333 2378 1644 2423 Varroniauis.

448 2450 493 2500 2)
523 2449 598 2492 Ad
619 2448 906 2506 Apollonium
931 2449 1152 2492 Rhodium
1185 2449 1314 2505 (Arg.
1337 2448 1398 2491 H.
1422 2447 1523 2505 711)
1550 2447 1670 2491 redit
1692 2462 1849 2491 versus

333 2535 375 2577 g.
407 2518 470 2563 ΙΙ.
502 2520 589 2562 404
634 2518 841 2576 .frigidus
883 2521 930 2562 et
962 2518 1088 2562 silvis
1119 2517 1268 2576 aquilo
1301 2517 1499 2562 decussit
1528 2517 1752 2561 honorem‘
1795 2516 1852 2561 ad

447 2642 508 2683 65)
536 2640 589 2675 De
615 2641 682 2674 hac
708 2650 748 2673 re
774 2639 882 2674 aliter
907 2639 1027 2673 iudico
1053 2643 1164 2683 atque
1193 2640 1265 2674 Leo
1292 2639 1328 2678 (1.
1358 2639 1380 2673 l.
1407 2650 1441 2683 p.
1470 2640 1541 2682 52),
1576 2639 1638 2682 qui
1662 2639 1733 2673 iam
1762 2638 1851 2673 Var-

327 2710 451 2734 ronem
477 2710 522 2734 ex
550 2699 694 2733 Arateis
720 2698 861 2733 delecta
886 2698 999 2733 latine
1026 2697 1228 2733 reddidisse
1254 2702 1399 2740 censet3
1442 2697 1571 2741 colligo
1597 2697 1691 2732 enim
1716 2708 1736 2732 e
1761 2697 1851 2732 Ver-

328 2758 464 2802 giliana
481 2758 683 2792 imitatione
700 2757 903 2801 particulae
929 2760 1014 2800 ,aut‘
1042 2760 1122 2800 (aut
1148 2760 1279 2800 arguta
1305 2757 1406 2791 lacus
1433 2756 1566 2790 circum
1592 2756 1660 2791 vol.
1679 2755 1851 2802 hirundo)

327 2817 437 2853 etiam
455 2816 551 2862 apud
565 2816 767 2852 Varronem
788 2815 879 2852 alias
894 2816 1094 2861 particulas
1113 2818 1198 2859 ‚aut‘
1213 2816 1250 2851 in
1268 2815 1502 2860 sequentibus
1521 2816 1684 2851 versibus
1702 2826 1851 2860 respon-

327 2877 434 2911 disse.
