2088 3268
326 987 538 1043 Quamvis
560 988 702 1032 multa
720 988 823 1032 inde
853 989 909 1032 ab
929 988 1127 1046 antiquis
1148 987 1426 1045 temporibus
1448 987 1503 1031 de
1517 985 1721 1043 Vergilio

209 1058 415 1101 veterum
444 1059 679 1115 poetarum
707 1057 939 1102 imitatore
960 1057 1193 1115 disputata
1223 1057 1328 1111 sint,
1359 1056 1548 1100 multum
1579 1056 1720 1109 abest,

208 1128 262 1170 ut
291 1126 378 1173 viri
408 1126 529 1170 docti
565 1127 646 1170 illa
676 1127 730 1170 de
761 1127 1042 1184 quaestione,
1085 1142 1216 1184 quam
1256 1127 1317 1170 sit
1358 1126 1572 1170 obnoxius
1608 1125 1720 1168 Ver-

207 1195 343 1253 gilius
386 1198 521 1254 poeta
561 1196 887 1255 exemplaribus
929 1197 1043 1250 suis,
1088 1196 1382 1240 consentiant.
1444 1195 1565 1250 Quot
1605 1194 1722 1238 enim

209 1267 282 1309 vel
312 1267 558 1309 sententias
578 1267 653 1309 vel
672 1281 832 1309 versus
863 1269 986 1309 totos
1010 1267 1083 1309 vel
1114 1267 1234 1309 locos
1264 1267 1468 1322 integros
1485 1264 1720 1320 Vergilius

208 1350 232 1379 e
270 1336 507 1392 poetarum
551 1335 790 1378 latinorum
828 1338 1034 1379 veterum
1075 1335 1382 1392 aequaliumve
1425 1334 1633 1391 operibus
1674 1333 1722 1376 in

208 1405 405 1449 carmina
444 1419 524 1448 sua
562 1404 877 1458 transtulerit,
918 1404 1183 1448 litterarum
1220 1404 1465 1448 latinarum
1504 1403 1720 1461 reliquiae

206 1488 296 1516 non
326 1474 592 1527 concedunt,
634 1475 688 1517 ut
722 1473 885 1530 ubique
914 1473 1024 1531 ipsis
1056 1473 1323 1516 carminibus
1354 1471 1624 1529 comparatis
1655 1471 1720 1514 in-

206 1542 487 1598 tellegamus.
533 1542 819 1585 Testimoniis
841 1542 986 1597 igitur
1018 1556 1125 1597 opus
1158 1544 1240 1595 est,
1275 1541 1425 1598 qualia
1444 1541 1720 1596 interpretes

207 1610 462 1667 Vergiliani
490 1610 799 1665 tradiderunt;
830 1625 973 1667 neque
1004 1624 1110 1654 vero
1144 1610 1255 1653 satis
1287 1612 1357 1653 est
1383 1609 1722 1653 annotationem

206 1680 543 1737 grammaticam
564 1679 830 1734 adhibuisse,
865 1679 968 1738 quia
989 1679 1212 1723 rationem
1236 1681 1282 1723 et
1302 1678 1491 1737 gradum
1514 1678 1721 1722 similitu-

173 1745 178 1749 *
207 1750 322 1794 dinis
353 1765 483 1807 quam
514 1753 722 1794 accurate
753 1751 903 1793 verbis
945 1750 1301 1806 significaverint
1329 1749 1611 1805 grammatici
1641 1763 1722 1791 nec

207 1820 262 1863 ab
292 1819 422 1863 initio
455 1820 567 1864 satis
598 1821 778 1864 constat
807 1834 887 1863 nec
917 1818 1027 1863 satis
1052 1819 1304 1876 quaesitum
1325 1824 1407 1864 est,
1458 1819 1583 1875 Ergo
1607 1831 1721 1876 quae

208 1889 262 1931 de
293 1889 480 1944 singulis
520 1889 629 1932 locis
661 1888 970 1940 tradiderunt,
1009 1889 1290 1944 propositum
1331 1893 1401 1931 est
1441 1888 1720 1944 singillatim,

206 1957 283 2001 ubi
301 1957 421 2011 licet,
453 1958 721 2011 examinare,
751 1957 869 2000 unde
890 1957 945 2001 de
966 1957 1165 2013 reliquis,
1198 1957 1276 2000 ubi
1305 1973 1394 2001 non
1423 1957 1543 2010 licet,
1575 1956 1721 2014 possit

207 2027 465 2071 coniectura
493 2027 605 2070 fieri.
668 2027 766 2080 Qua
804 2027 850 2068 in
889 2041 939 2069 re
978 2026 1220 2069 tractanda
1258 2026 1327 2069 ita
1363 2026 1719 2083 progrediemur,

207 2097 260 2139 ut
288 2095 480 2153 primum
511 2110 622 2153 quae
658 2095 712 2139 de
742 2094 887 2153 poetis
919 2095 1114 2152 graecis,
1155 2095 1210 2139 de
1240 2094 1436 2139 Homero
1466 2095 1720 2153 praecipue,

206 2165 384 2208 tradita
405 2168 522 2219 sunt,
553 2166 893 2223 perlustremus,
921 2165 1079 2208 deinde
1102 2165 1156 2208 de
1176 2165 1321 2222 poetis
1342 2165 1500 2208 latinis
1522 2180 1718 2220 agamus,

209 2250 263 2279 ex
293 2249 481 2292 quorum
510 2249 694 2279 numero
724 2233 920 2279 feliciter
963 2234 1135 2288 evenit,
1176 2237 1227 2278 ut
1270 2234 1414 2293 ipsum
1460 2248 1720 2291 comparare

207 2305 345 2348 liceat
365 2304 635 2347 Lucretium.
684 2304 736 2347 In
767 2318 855 2361 qua
893 2318 1006 2360 quae
1015 2305 1161 2347 stione
1191 2304 1432 2347 tractanda
1462 2304 1586 2346 ultro
1627 2304 1719 2356 fiet,

208 2376 271 2428 ut,
305 2373 450 2430 qualis
468 2373 530 2416 sit
547 2373 812 2429 Vergiliana
831 2372 1036 2416 imitandi
1057 2387 1143 2426 ars,
1167 2372 1472 2416 adumbretur.
1518 2372 1721 2429 Denique

209 2441 415 2500 quoniam
466 2442 523 2485 ad
572 2442 892 2485 auctoritatem
943 2442 1066 2484 illius
1111 2441 1348 2485 memoriae
1393 2441 1722 2484 diiudicandam

208 2511 397 2554 multum
425 2511 620 2554 interest
652 2511 787 2564 scire,
833 2525 917 2568 quo
957 2511 1085 2554 modo
1125 2513 1173 2554 et
1213 2513 1316 2554 orta
1356 2510 1417 2553 sit
1458 2512 1505 2552 et
1544 2510 1602 2553 ad
1640 2525 1720 2553 nos

208 2580 488 2637 pervenerit,
531 2583 770 2638 antequam
798 2580 917 2637 ipsos
948 2580 1069 2624 locos
1102 2595 1422 2637 componamus,
1455 2579 1509 2622 de
1541 2579 1720 2622 scholiis

209 2652 256 2694 et
286 2649 340 2693 de
370 2641 570 2694 Macrobi
598 2650 728 2693 libris
755 2649 1005 2706 generatim
1026 2664 1167 2707 pauca
1187 2649 1373 2693 dicenda
1403 2652 1520 2692 sunt.
1566 2649 1721 2705 Atque

208 2718 426 2774 originem
457 2719 624 2762 ducunt
653 2719 759 2762 illae
789 2719 1044 2762 notationes
1076 2719 1170 2761 sine
1201 2718 1332 2761 dubio
1371 2732 1425 2761 ex
1455 2718 1719 2775 interpretis

208 2787 448 2842 cuiusdam,
479 2787 677 2832 fortasse
699 2788 885 2845 Hygini,
917 2788 1144 2832 luculento
1167 2803 1311 2845 opere,
1344 2803 1429 2845 quo
1463 2803 1517 2831 ex
1549 2786 1720 2831 litteris

208 2856 381 2915 graecis
429 2858 475 2900 et
519 2856 674 2901 latinis
716 2856 897 2914 Vergili
950 2856 1224 2915 exemplaria
1268 2857 1481 2901 videntur
1532 2856 1722 2900 collecta
