<?xml version="1.0" encoding="UTF-8"?>
<!DOCTYPE html PUBLIC "-//W3C//DTD XHTML 1.0 Transitional//EN"
    "http://www.w3.org/TR/xhtml1/DTD/xhtml1-transitional.dtd">
<html xmlns="http://www.w3.org/1999/xhtml" xml:lang="en" lang="en">
 <head>
  <title>
</title>
<meta http-equiv="Content-Type" content="text/html;charset=utf-8" />
  <meta name='ocr-system' content='tesseract 3.04.00' />
  <meta name='ocr-capabilities' content='ocr_page ocr_carea ocr_par ocr_line ocrx_word'/>
</head>
<body>
  <div class='ocr_page' id='page_1' title='image "4737831_0020.png"; bbox 0 0 2088 3268; ppageno 0'>
   <div class='ocr_carea' id='block_1_1' title="bbox 860 236 911 278">
    <p class='ocr_par' dir='ltr' id='par_1_1' title="bbox 860 236 911 278">
     <span class='ocr_line' id='line_1_1' title="bbox 860 236 911 278; baseline 0 0"><span class='ocrx_word' id='word_1_1' title='bbox 860 236 911 278; x_wconf 87' lang='lat'>11</span> 
     </span>
    </p>
   </div>
   <div class='ocr_carea' id='block_1_2' title="bbox 129 351 1644 672">
    <p class='ocr_par' dir='ltr' id='par_1_2' title="bbox 129 351 1644 672">
     <span class='ocr_line' id='line_1_2' title="bbox 245 351 1641 407; baseline 0 -14"><span class='ocrx_word' id='word_1_2' title='bbox 245 351 318 407; x_wconf 80' lang='lat' dir='ltr'>(K.</span> <span class='ocrx_word' id='word_1_3' title='bbox 350 352 433 393; x_wconf 83' lang='lat'>437</span> <span class='ocrx_word' id='word_1_4' title='bbox 474 352 725 403; x_wconf 72' lang='grc' dir='ltr'><strong><em>λευκότεροι</em></strong></span> <span class='ocrx_word' id='word_1_5' title='bbox 754 353 924 407; x_wconf 75' lang='grc' dir='ltr'><strong><em>χιόνος,</em></strong></span> <span class='ocrx_word' id='word_1_6' title='bbox 955 354 1098 394; x_wconf 82' lang='grc' dir='ltr'><strong><em>θείειν</em></strong></span> <span class='ocrx_word' id='word_1_7' title='bbox 1130 351 1169 393; x_wconf 83' lang='grc' dir='ltr'>δ’</span> <span class='ocrx_word' id='word_1_8' title='bbox 1205 351 1433 406; x_wconf 83' lang='grc' dir='ltr'><em>ἀνέμοισιν</em></span> <span class='ocrx_word' id='word_1_9' title='bbox 1464 351 1641 406; x_wconf 83' lang='grc' dir='ltr'><strong><em>ὁμοῖοι&gt;.</em></strong></span> 
     </span>
     <span class='ocr_line' id='line_1_3' title="bbox 130 419 1643 476; baseline 0 -14"><span class='ocrx_word' id='word_1_10' title='bbox 130 446 185 452; x_wconf 94' lang='grc'>--</span> <span class='ocrx_word' id='word_1_11' title='bbox 228 420 391 476; x_wconf 85' lang='lat' dir='ltr'>Magno</span> <span class='ocrx_word' id='word_1_12' title='bbox 434 420 583 464; x_wconf 81' lang='lat' dir='ltr'>studio</span> <span class='ocrx_word' id='word_1_13' title='bbox 625 420 741 463; x_wconf 88' lang='lat' dir='ltr'>hunc</span> <span class='ocrx_word' id='word_1_14' title='bbox 783 434 961 463; x_wconf 85' lang='lat' dir='ltr'>versum</span> <span class='ocrx_word' id='word_1_15' title='bbox 1004 420 1149 463; x_wconf 86' lang='lat' dir='ltr'>vertit</span> <span class='ocrx_word' id='word_1_16' title='bbox 1192 419 1422 476; x_wconf 84' lang='lat' dir='ltr'>Vergilius</span> <span class='ocrx_word' id='word_1_17' title='bbox 1466 434 1643 463; x_wconf 88' lang='lat' dir='ltr'>sensum</span> 
     </span>
     <span class='ocr_line' id='line_1_4' title="bbox 130 489 1644 547; baseline -0.001 -14"><span class='ocrx_word' id='word_1_18' title='bbox 130 505 229 533; x_wconf 88' lang='lat' dir='ltr'>cum</span> <span class='ocrx_word' id='word_1_19' title='bbox 258 489 484 533; x_wconf 88' lang='lat' dir='ltr'>antitheto</span> <span class='ocrx_word' id='word_1_20' title='bbox 524 503 732 542; x_wconf 83' lang='lat' dir='ltr'>servans,</span> <span class='ocrx_word' id='word_1_21' title='bbox 777 489 854 533; x_wconf 84' lang='lat' dir='ltr'>sed</span> <span class='ocrx_word' id='word_1_22' title='bbox 894 489 1162 533; x_wconf 88' lang='lat' dir='ltr'>locutionem</span> <span class='ocrx_word' id='word_1_23' title='bbox 1203 489 1423 545; x_wconf 87' lang='lat' dir='ltr'>duplicem</span> <span class='ocrx_word' id='word_1_24' title='bbox 1453 489 1644 547; x_wconf 85' lang='lat' dir='ltr'><strong>simplici</strong></span> 
     </span>
     <span class='ocr_line' id='line_1_5' title="bbox 129 558 1643 615; baseline -0.001 -13"><span class='ocrx_word' id='word_1_25' title='bbox 129 561 329 612; x_wconf 89' lang='lat' dir='ltr'>mutans;</span> <span class='ocrx_word' id='word_1_26' title='bbox 373 561 575 615; x_wconf 85' lang='lat' dir='ltr'>apparet,</span> <span class='ocrx_word' id='word_1_27' title='bbox 617 572 747 614; x_wconf 88' lang='lat' dir='ltr'>quam</span> <span class='ocrx_word' id='word_1_28' title='bbox 777 573 866 601; x_wconf 92' lang='lat' dir='ltr'>non</span> <span class='ocrx_word' id='word_1_29' title='bbox 896 561 1104 601; x_wconf 87' lang='lat' dir='ltr'>accurate</span> <span class='ocrx_word' id='word_1_30' title='bbox 1136 558 1302 601; x_wconf 87' lang='lat' dir='ltr'>dictum</span> <span class='ocrx_word' id='word_1_31' title='bbox 1341 559 1403 601; x_wconf 90' lang='lat' dir='ltr'>sit</span> <span class='ocrx_word' id='word_1_32' title='bbox 1449 560 1643 611; x_wconf 87' lang='lat' dir='ltr'>,verbum</span> 
     </span>
     <span class='ocr_line' id='line_1_6' title="bbox 129 628 429 672; baseline -0.003 0"><span class='ocrx_word' id='word_1_33' title='bbox 129 628 188 672; x_wconf 87' lang='lat' dir='ltr'>ad</span> <span class='ocrx_word' id='word_1_34' title='bbox 218 629 429 672; x_wconf 81' lang='lat' dir='ltr'>verbum‘.</span> 
     </span>
    </p>
   </div>
   <div class='ocr_carea' id='block_1_3' title="bbox 129 711 1645 1250">
    <p class='ocr_par' dir='ltr' id='par_1_3' title="bbox 129 711 1645 1250">
     <span class='ocr_line' id='line_1_7' title="bbox 245 711 1645 768; baseline -0.001 -14"><span class='ocrx_word' id='word_1_35' title='bbox 245 712 328 754; x_wconf 92' lang='lat' dir='ltr'>His</span> <span class='ocrx_word' id='word_1_36' title='bbox 360 711 572 767; x_wconf 85' lang='lat' dir='ltr'>inspectis</span> <span class='ocrx_word' id='word_1_37' title='bbox 604 711 806 754; x_wconf 86' lang='lat' dir='ltr'>versibus</span> <span class='ocrx_word' id='word_1_38' title='bbox 850 716 1040 767; x_wconf 84' lang='lat' dir='ltr'>apparet</span> <span class='ocrx_word' id='word_1_39' title='bbox 1072 725 1334 768; x_wconf 86' lang='lat' dir='ltr'>quamquam</span> <span class='ocrx_word' id='word_1_40' title='bbox 1364 726 1521 753; x_wconf 89' lang='lat' dir='ltr'>versus</span> <span class='ocrx_word' id='word_1_41' title='bbox 1557 711 1645 767; x_wconf 87' lang='lat' dir='ltr'>ipsi</span> 
     </span>
     <span class='ocr_line' id='line_1_8' title="bbox 129 780 1642 837; baseline -0.002 -13"><span class='ocrx_word' id='word_1_42' title='bbox 129 797 218 824; x_wconf 88' lang='lat' dir='ltr'>non</span> <span class='ocrx_word' id='word_1_43' title='bbox 264 781 358 824; x_wconf 91' lang='lat' dir='ltr'>sine</span> <span class='ocrx_word' id='word_1_44' title='bbox 402 794 536 823; x_wconf 89' lang='lat' dir='ltr'>causa</span> <span class='ocrx_word' id='word_1_45' title='bbox 579 782 818 832; x_wconf 88' lang='lat' dir='ltr'>notantur,</span> <span class='ocrx_word' id='word_1_46' title='bbox 870 782 1020 823; x_wconf 85' lang='lat' dir='ltr'>tamen</span> <span class='ocrx_word' id='word_1_47' title='bbox 1065 781 1204 823; x_wconf 89' lang='lat' dir='ltr'>verba</span> <span class='ocrx_word' id='word_1_48' title='bbox 1250 780 1407 837; x_wconf 90' lang='lat' dir='ltr'>quibus</span> <span class='ocrx_word' id='word_1_49' title='bbox 1452 781 1642 823; x_wconf 90' lang='lat' dir='ltr'>utuntur</span> 
     </span>
     <span class='ocr_line' id='line_1_9' title="bbox 134 848 1644 903; baseline -0.002 -10"><span class='ocrx_word' id='word_1_50' title='bbox 134 850 315 903; x_wconf 87' lang='lat' dir='ltr'>scholia,</span> <span class='ocrx_word' id='word_1_51' title='bbox 347 849 574 892; x_wconf 88' lang='lat' dir='ltr'>interdum</span> <span class='ocrx_word' id='word_1_52' title='bbox 594 848 770 891; x_wconf 81' lang='lat' dir='ltr'>modum</span> <span class='ocrx_word' id='word_1_53' title='bbox 790 864 878 891; x_wconf 90' lang='lat' dir='ltr'>non</span> <span class='ocrx_word' id='word_1_54' title='bbox 909 851 1079 892; x_wconf 90' lang='lat' dir='ltr'>tenere.</span> <span class='ocrx_word' id='word_1_55' title='bbox 1141 849 1263 900; x_wconf 87' lang='lat' dir='ltr'>Idem</span> <span class='ocrx_word' id='word_1_56' title='bbox 1294 849 1347 892; x_wconf 91' lang='lat' dir='ltr'>fit</span> <span class='ocrx_word' id='word_1_57' title='bbox 1377 849 1424 891; x_wconf 92' lang='lat' dir='ltr'>in</span> <span class='ocrx_word' id='word_1_58' title='bbox 1446 849 1644 892; x_wconf 87' lang='lat' dir='ltr'>Macrobi</span> 
     </span>
     <span class='ocr_line' id='line_1_10' title="bbox 130 918 1643 975; baseline -0.001 -14"><span class='ocrx_word' id='word_1_59' title='bbox 130 920 160 961; x_wconf 95' lang='grc'>1.</span> <span class='ocrx_word' id='word_1_60' title='bbox 192 919 263 971; x_wconf 69' lang='lat' dir='ltr'>V„</span> <span class='ocrx_word' id='word_1_61' title='bbox 307 919 382 974; x_wconf 89' lang='lat' dir='ltr'>qui</span> <span class='ocrx_word' id='word_1_62' title='bbox 421 919 468 960; x_wconf 93' lang='lat' dir='ltr'>in</span> <span class='ocrx_word' id='word_1_63' title='bbox 505 933 688 961; x_wconf 88' lang='lat' dir='ltr'>numero</span> <span class='ocrx_word' id='word_1_64' title='bbox 743 933 967 971; x_wconf 88' lang='lat' dir='ltr'>,versuum</span> <span class='ocrx_word' id='word_1_65' title='bbox 1012 918 1069 960; x_wconf 81' lang='lat' dir='ltr'>ad</span> <span class='ocrx_word' id='word_1_66' title='bbox 1099 920 1286 961; x_wconf 85' lang='lat' dir='ltr'>verbum</span> <span class='ocrx_word' id='word_1_67' title='bbox 1323 933 1465 975; x_wconf 88' lang='lat' dir='ltr'>paene</span> <span class='ocrx_word' id='word_1_68' title='bbox 1496 923 1643 961; x_wconf 90' lang='lat' dir='ltr'>trans-</span> 
     </span>
     <span class='ocr_line' id='line_1_11' title="bbox 130 986 1644 1045; baseline -0.002 -13"><span class='ocrx_word' id='word_1_69' title='bbox 130 989 339 1032; x_wconf 89' lang='lat' dir='ltr'>latorum‘</span> <span class='ocrx_word' id='word_1_70' title='bbox 372 987 483 1045; x_wconf 87' lang='lat' dir='ltr'>(cap.</span> <span class='ocrx_word' id='word_1_71' title='bbox 506 987 718 1044; x_wconf 90' lang='lat'>3.1—-14)</span> <span class='ocrx_word' id='word_1_72' title='bbox 749 987 917 1045; x_wconf 88' lang='lat' dir='ltr'>partim</span> <span class='ocrx_word' id='word_1_73' title='bbox 948 1002 1109 1031; x_wconf 86' lang='lat' dir='ltr'>revera</span> <span class='ocrx_word' id='word_1_74' title='bbox 1140 987 1256 1031; x_wconf 90' lang='lat' dir='ltr'>tales</span> <span class='ocrx_word' id='word_1_75' title='bbox 1279 1002 1439 1031; x_wconf 87' lang='lat' dir='ltr'>versus</span> <span class='ocrx_word' id='word_1_76' title='bbox 1461 986 1644 1043; x_wconf 78' lang='lat' dir='ltr'>collegit</span> 
     </span>
     <span class='ocr_line' id='line_1_12' title="bbox 132 1056 1644 1114; baseline -0.001 -15"><span class='ocrx_word' id='word_1_77' title='bbox 132 1057 199 1114; x_wconf 56' lang='grc' dir='ltr'>[ἐξ</span> <span class='ocrx_word' id='word_1_78' title='bbox 230 1058 269 1109; x_wconf 89' lang='grc'>3,</span> <span class='ocrx_word' id='word_1_79' title='bbox 316 1058 357 1107; x_wconf 88' lang='lat'>4,</span> <span class='ocrx_word' id='word_1_80' title='bbox 405 1058 442 1109; x_wconf 89' lang='grc'>6,</span> <span class='ocrx_word' id='word_1_81' title='bbox 489 1058 516 1098; x_wconf 87' lang='grc'>8</span> <span class='ocrx_word' id='word_1_82' title='bbox 559 1057 663 1112; x_wconf 89' lang='lat' dir='ltr'>(una</span> <span class='ocrx_word' id='word_1_83' title='bbox 700 1071 797 1099; x_wconf 88' lang='lat' dir='ltr'>cum</span> <span class='ocrx_word' id='word_1_84' title='bbox 829 1056 1027 1110; x_wconf 85' lang='lat' dir='ltr'>Servio),</span> <span class='ocrx_word' id='word_1_85' title='bbox 1077 1059 1141 1109; x_wconf 91' lang='grc'>11,</span> <span class='ocrx_word' id='word_1_86' title='bbox 1177 1057 1245 1113; x_wconf 83' lang='grc'>12]</span> <span class='ocrx_word' id='word_1_87' title='bbox 1289 1057 1456 1112; x_wconf 91' lang='lat' dir='ltr'>partim</span> <span class='ocrx_word' id='word_1_88' title='bbox 1488 1071 1644 1098; x_wconf 89' lang='lat' dir='ltr'>versus</span> 
     </span>
     <span class='ocr_line' id='line_1_13' title="bbox 131 1125 1641 1182; baseline -0.001 -13"><span class='ocrx_word' id='word_1_89' title='bbox 131 1125 294 1170; x_wconf 82' lang='lat' dir='ltr'>attulit</span> <span class='ocrx_word' id='word_1_90' title='bbox 324 1125 397 1169; x_wconf 87' lang='lat' dir='ltr'>vel</span> <span class='ocrx_word' id='word_1_91' title='bbox 426 1125 560 1179; x_wconf 93' lang='lat' dir='ltr'>locos,</span> <span class='ocrx_word' id='word_1_92' title='bbox 592 1140 701 1182; x_wconf 88' lang='lat' dir='ltr'>quos</span> <span class='ocrx_word' id='word_1_93' title='bbox 734 1125 966 1182; x_wconf 82' lang='lat' dir='ltr'>Vergilius</span> <span class='ocrx_word' id='word_1_94' title='bbox 998 1125 1127 1169; x_wconf 87' lang='lat' dir='ltr'>valde</span> <span class='ocrx_word' id='word_1_95' title='bbox 1157 1125 1352 1169; x_wconf 85' lang='lat' dir='ltr'>mutavit</span> <span class='ocrx_word' id='word_1_96' title='bbox 1384 1127 1447 1181; x_wconf 57' lang='grc' dir='ltr'>(ἐξ</span> <span class='ocrx_word' id='word_1_97' title='bbox 1479 1126 1518 1176; x_wconf 82' lang='lat'>2,</span> <span class='ocrx_word' id='word_1_98' title='bbox 1540 1126 1578 1175; x_wconf 72' lang='lat'>5,</span> <span class='ocrx_word' id='word_1_99' title='bbox 1603 1126 1641 1177; x_wconf 79' lang='lat'>7,</span> 
     </span>
     <span class='ocr_line' id='line_1_14' title="bbox 130 1196 388 1250; baseline 0 -13"><span class='ocrx_word' id='word_1_100' title='bbox 130 1197 171 1249; x_wconf 81' lang='lat'>9,</span> <span class='ocrx_word' id='word_1_101' title='bbox 208 1196 388 1250; x_wconf 79' lang='lat' dir='ltr'>lo‚·13).</span> 
     </span>
    </p>
   </div>
   <div class='ocr_carea' id='block_1_4' title="bbox 545 1335 1229 1391">
    <p class='ocr_par' dir='ltr' id='par_1_4' title="bbox 545 1335 1229 1391">
     <span class='ocr_line' id='line_1_15' title="bbox 545 1335 1229 1391; baseline -0.003 -13"><span class='ocrx_word' id='word_1_102' title='bbox 545 1335 588 1391; x_wconf 92' lang='lat' dir='ltr'>b)</span> <span class='ocrx_word' id='word_1_103' title='bbox 635 1335 697 1378; x_wconf 82' lang='lat' dir='ltr'>de</span> <span class='ocrx_word' id='word_1_104' title='bbox 726 1335 871 1377; x_wconf 91' lang='lat' dir='ltr'>locis</span> <span class='ocrx_word' id='word_1_105' title='bbox 902 1335 1229 1377; x_wconf 86' lang='lat' dir='ltr'>minoribus.</span> 
     </span>
    </p>
   </div>
   <div class='ocr_carea' id='block_1_5' title="bbox 266 1428 1499 1553">
    <p class='ocr_par' dir='ltr' id='par_1_5' title="bbox 266 1428 1499 1553">
     <span class='ocr_line' id='line_1_16' title="bbox 266 1428 1499 1486; baseline 0.001 -16"><span class='ocrx_word' id='word_1_106' title='bbox 266 1446 305 1471; x_wconf 88' lang='grc' dir='ltr'>α.</span> <span class='ocrx_word' id='word_1_107' title='bbox 338 1428 424 1472; x_wconf 85' lang='grc' dir='ltr'>1οοὶ</span> <span class='ocrx_word' id='word_1_108' title='bbox 455 1428 529 1486; x_wconf 89' lang='lat' dir='ltr'>qui</span> <span class='ocrx_word' id='word_1_109' title='bbox 560 1428 768 1472; x_wconf 89' lang='lat' dir='ltr'>dicuntur</span> <span class='ocrx_word' id='word_1_110' title='bbox 800 1428 1039 1481; x_wconf 77' lang='lat' dir='ltr'>‚translati‘</span> <span class='ocrx_word' id='word_1_111' title='bbox 1073 1428 1147 1471; x_wconf 88' lang='lat' dir='ltr'>vel</span> <span class='ocrx_word' id='word_1_112' title='bbox 1179 1429 1369 1485; x_wconf 86' lang='lat' dir='ltr'>,sumpti‘</span> <span class='ocrx_word' id='word_1_113' title='bbox 1404 1443 1499 1471; x_wconf 83' lang='lat' dir='ltr'>esse</span> 
     </span>
     <span class='ocr_line' id='line_1_17' title="bbox 738 1499 1090 1553; baseline 0.003 -1"><span class='ocrx_word' id='word_1_114' title='bbox 738 1525 793 1552; x_wconf 82' lang='lat' dir='ltr'>ex</span> <span class='ocrx_word' id='word_1_115' title='bbox 824 1510 1030 1553; x_wconf 81' lang='lat' dir='ltr'>Homero.</span> <span class='ocrx_word' id='word_1_116' title='bbox 1053 1499 1057 1504; x_wconf 41' lang='lat'><strong><em>⁴</em></strong></span> <span class='ocrx_word' id='word_1_117' title='bbox 1085 1532 1090 1538; x_wconf 87' lang='lat'><em>-</em></span> 
     </span>
    </p>
   </div>
   <div class='ocr_carea' id='block_1_6' title="bbox 128 1602 1647 2145">
    <p class='ocr_par' dir='ltr' id='par_1_6' title="bbox 128 1602 1647 2145">
     <span class='ocr_line' id='line_1_18' title="bbox 249 1602 1646 1660; baseline 0 -15"><span class='ocrx_word' id='word_1_118' title='bbox 249 1602 290 1659; x_wconf 90' lang='lat'>1)</span> <span class='ocrx_word' id='word_1_119' title='bbox 320 1618 362 1659; x_wconf 88' lang='lat' dir='ltr'>g.</span> <span class='ocrx_word' id='word_1_120' title='bbox 382 1603 463 1646; x_wconf 85' lang='lat' dir='ltr'>IV.</span> <span class='ocrx_word' id='word_1_121' title='bbox 495 1603 577 1645; x_wconf 81' lang='grc'>261</span> <span class='ocrx_word' id='word_1_122' title='bbox 612 1602 656 1646; x_wconf 88' lang='lat' dir='ltr'>S.</span> <span class='ocrx_word' id='word_1_123' title='bbox 690 1608 797 1655; x_wconf 90' lang='lat' dir='ltr'>,tres</span> <span class='ocrx_word' id='word_1_124' title='bbox 829 1604 1184 1659; x_wconf 87' lang='lat' dir='ltr'>comparationes</span> <span class='ocrx_word' id='word_1_125' title='bbox 1218 1604 1405 1660; x_wconf 82' lang='lat' dir='ltr'>singulis</span> <span class='ocrx_word' id='word_1_126' title='bbox 1435 1603 1646 1660; x_wconf 80' lang='lat' dir='ltr'>impletae</span> 
     </span>
     <span class='ocr_line' id='line_1_19' title="bbox 132 1672 1646 1730; baseline -0.001 -15"><span class='ocrx_word' id='word_1_127' title='bbox 132 1672 365 1716; x_wconf 87' lang='lat' dir='ltr'>versiculis</span> <span class='ocrx_word' id='word_1_128' title='bbox 397 1672 452 1716; x_wconf 84' lang='lat' dir='ltr'>de</span> <span class='ocrx_word' id='word_1_129' title='bbox 481 1672 676 1716; x_wconf 84' lang='lat' dir='ltr'>Homero</span> <span class='ocrx_word' id='word_1_130' title='bbox 706 1672 958 1716; x_wconf 85' lang='lat' dir='ltr'>translatae</span> <span class='ocrx_word' id='word_1_131' title='bbox 990 1676 1108 1727; x_wconf 87' lang='lat' dir='ltr'>sunt,</span> <span class='ocrx_word' id='word_1_132' title='bbox 1141 1688 1250 1730; x_wconf 90' lang='lat' dir='ltr'>quas</span> <span class='ocrx_word' id='word_1_133' title='bbox 1291 1674 1368 1716; x_wconf 91' lang='lat' dir='ltr'>ille</span> <span class='ocrx_word' id='word_1_134' title='bbox 1399 1674 1514 1717; x_wconf 91' lang='lat' dir='ltr'>binis</span> <span class='ocrx_word' id='word_1_135' title='bbox 1546 1688 1646 1716; x_wconf 88' lang='lat' dir='ltr'>ver-</span> 
     </span>
     <span class='ocr_line' id='line_1_20' title="bbox 132 1741 1647 1799; baseline -0.001 -14"><span class='ocrx_word' id='word_1_136' title='bbox 132 1742 253 1785; x_wconf 85' lang='lat' dir='ltr'>sibus</span> <span class='ocrx_word' id='word_1_137' title='bbox 294 1743 472 1799; x_wconf 88' lang='lat' dir='ltr'>posuit‘.</span> <span class='ocrx_word' id='word_1_138' title='bbox 505 1766 560 1772; x_wconf 79' lang='lat'>-—</span> <span class='ocrx_word' id='word_1_139' title='bbox 591 1742 682 1784; x_wconf 88' lang='lat' dir='ltr'>Res</span> <span class='ocrx_word' id='word_1_140' title='bbox 726 1741 956 1785; x_wconf 87' lang='lat' dir='ltr'>subtiliter</span> <span class='ocrx_word' id='word_1_141' title='bbox 997 1743 1257 1798; x_wconf 87' lang='lat' dir='ltr'>observata;</span> <span class='ocrx_word' id='word_1_142' title='bbox 1304 1743 1475 1786; x_wconf 89' lang='lat' dir='ltr'>scilicet</span> <span class='ocrx_word' id='word_1_143' title='bbox 1514 1757 1647 1798; x_wconf 88' lang='lat' dir='ltr'>argu-</span> 
     </span>
     <span class='ocr_line' id='line_1_21' title="bbox 129 1811 1646 1869; baseline -0.001 -14"><span class='ocrx_word' id='word_1_144' title='bbox 129 1813 326 1855; x_wconf 90' lang='lat' dir='ltr'>mentum</span> <span class='ocrx_word' id='word_1_145' title='bbox 366 1811 505 1854; x_wconf 90' lang='lat' dir='ltr'>trium</span> <span class='ocrx_word' id='word_1_146' title='bbox 535 1811 917 1867; x_wconf 88' lang='lat' dir='ltr'>comparationum</span> <span class='ocrx_word' id='word_1_147' title='bbox 958 1812 1013 1854; x_wconf 92' lang='lat' dir='ltr'>ab</span> <span class='ocrx_word' id='word_1_148' title='bbox 1044 1811 1239 1855; x_wconf 87' lang='lat' dir='ltr'>Homero</span> <span class='ocrx_word' id='word_1_149' title='bbox 1281 1812 1470 1869; x_wconf 86' lang='lat' dir='ltr'>sumpsit</span> <span class='ocrx_word' id='word_1_150' title='bbox 1510 1815 1557 1855; x_wconf 90' lang='lat' dir='ltr'>et</span> <span class='ocrx_word' id='word_1_151' title='bbox 1597 1816 1646 1854; x_wconf 92' lang='lat' dir='ltr'>ut</span> 
     </span>
     <span class='ocr_line' id='line_1_22' title="bbox 129 1879 1645 1938; baseline 0 -15"><span class='ocrx_word' id='word_1_152' title='bbox 129 1880 208 1923; x_wconf 90' lang='lat' dir='ltr'>ille</span> <span class='ocrx_word' id='word_1_153' title='bbox 239 1895 320 1938; x_wconf 89' lang='lat' dir='ltr'>per</span> <span class='ocrx_word' id='word_1_154' title='bbox 352 1879 624 1938; x_wconf 88' lang='lat' dir='ltr'>anaphoram</span> <span class='ocrx_word' id='word_1_155' title='bbox 645 1879 876 1923; x_wconf 86' lang='lat' dir='ltr'>coniunxit</span> <span class='ocrx_word' id='word_1_156' title='bbox 906 1879 984 1936; x_wconf 92' lang='lat' dir='ltr'>(ut</span> <span class='ocrx_word' id='word_1_157' title='bbox 1014 1882 1087 1923; x_wconf 86' lang='lat' dir='ltr'>ter</span> <span class='ocrx_word' id='word_1_158' title='bbox 1103 1881 1349 1938; x_wconf 87' lang='lat' dir='ltr'>Vergilius,</span> <span class='ocrx_word' id='word_1_159' title='bbox 1382 1882 1482 1924; x_wconf 79' lang='grc' dir='ltr'><strong><em>οὔτε</em></strong></span> <span class='ocrx_word' id='word_1_160' title='bbox 1513 1884 1645 1923; x_wconf 83' lang='grc' dir='ltr'><strong><em>τόσον</em></strong></span> 
     </span>
     <span class='ocr_line' id='line_1_23' title="bbox 130 1949 1643 2005; baseline 0.001 -14"><span class='ocrx_word' id='word_1_161' title='bbox 130 1950 380 2004; x_wconf 87' lang='lat' dir='ltr'>Homerus),</span> <span class='ocrx_word' id='word_1_162' title='bbox 415 1949 493 1993; x_wconf 85' lang='lat' dir='ltr'>sed</span> <span class='ocrx_word' id='word_1_163' title='bbox 523 1949 722 1992; x_wconf 85' lang='lat' dir='ltr'>ordinem</span> <span class='ocrx_word' id='word_1_164' title='bbox 742 1950 938 1992; x_wconf 87' lang='lat' dir='ltr'>mutavit</span> <span class='ocrx_word' id='word_1_165' title='bbox 957 1950 1001 2005; x_wconf 90' lang='lat' dir='ltr'>(a</span> <span class='ocrx_word' id='word_1_166' title='bbox 1015 1951 1040 1992; x_wconf 92' lang='lat' dir='ltr'>b</span> <span class='ocrx_word' id='word_1_167' title='bbox 1058 1965 1081 1993; x_wconf 93' lang='lat' dir='ltr'>c</span> <span class='ocrx_word' id='word_1_168' title='bbox 1101 1950 1287 1993; x_wconf 89' lang='lat' dir='ltr'>Homeri</span> <span class='ocrx_word' id='word_1_169' title='bbox 1320 1972 1369 1986; x_wconf 89' lang='lat'><strong><em>=</em></strong></span> <span class='ocrx_word' id='word_1_170' title='bbox 1403 1966 1426 1994; x_wconf 92' lang='lat' dir='ltr'>c</span> <span class='ocrx_word' id='word_1_171' title='bbox 1443 1965 1470 1993; x_wconf 89' lang='lat' dir='ltr'>a</span> <span class='ocrx_word' id='word_1_172' title='bbox 1487 1953 1512 1993; x_wconf 93' lang='lat' dir='ltr'>b</span> <span class='ocrx_word' id='word_1_173' title='bbox 1532 1951 1643 1994; x_wconf 90' lang='lat' dir='ltr'>Ver-</span> 
     </span>
     <span class='ocr_line' id='line_1_24' title="bbox 128 2018 1645 2076; baseline 0 -14"><span class='ocrx_word' id='word_1_174' title='bbox 128 2018 231 2076; x_wconf 85' lang='lat' dir='ltr'>gili)</span> <span class='ocrx_word' id='word_1_175' title='bbox 273 2021 320 2062; x_wconf 91' lang='lat' dir='ltr'>et</span> <span class='ocrx_word' id='word_1_176' title='bbox 348 2019 497 2062; x_wconf 85' lang='lat' dir='ltr'>verbis</span> <span class='ocrx_word' id='word_1_177' title='bbox 541 2019 683 2062; x_wconf 86' lang='lat' dir='ltr'>libere</span> <span class='ocrx_word' id='word_1_178' title='bbox 726 2033 829 2061; x_wconf 85' lang='lat' dir='ltr'>usus</span> <span class='ocrx_word' id='word_1_179' title='bbox 875 2020 946 2062; x_wconf 87' lang='lat' dir='ltr'>est</span> <span class='ocrx_word' id='word_1_180' title='bbox 989 2018 1151 2076; x_wconf 85' lang='lat' dir='ltr'>(ignem</span> <span class='ocrx_word' id='word_1_181' title='bbox 1184 2034 1208 2063; x_wconf 88' lang='lat' dir='ltr'>e</span> <span class='ocrx_word' id='word_1_182' title='bbox 1248 2020 1365 2063; x_wconf 89' lang='lat' dir='ltr'>silva</span> <span class='ocrx_word' id='word_1_183' title='bbox 1405 2020 1645 2064; x_wconf 88' lang='lat' dir='ltr'>transtulit</span> 
     </span>
     <span class='ocr_line' id='line_1_25' title="bbox 131 2088 798 2145; baseline -0.003 -14"><span class='ocrx_word' id='word_1_184' title='bbox 131 2089 189 2131; x_wconf 91' lang='lat' dir='ltr'>ad</span> <span class='ocrx_word' id='word_1_185' title='bbox 221 2090 473 2143; x_wconf 82' lang='lat' dir='ltr'>fornacem).</span> <span class='ocrx_word' id='word_1_186' title='bbox 500 2113 503 2115; x_wconf 19' lang='grc' dir='ltr'><strong>Δ</strong></span> <span class='ocrx_word' id='word_1_187' title='bbox 537 2088 798 2145; x_wconf 87' lang='lat' dir='ltr'>Compares:</span> 
     </span>
    </p>
   </div>
   <div class='ocr_carea' id='block_1_7' title="bbox 130 2197 809 2322">
    <p class='ocr_par' dir='ltr' id='par_1_7' title="bbox 130 2197 809 2322">
     <span class='ocr_line' id='line_1_26' title="bbox 130 2197 809 2250; baseline -0.001 -11"><span class='ocrx_word' id='word_1_188' title='bbox 130 2197 177 2243; x_wconf 84' lang='grc' dir='ltr'>Ξ.</span> <span class='ocrx_word' id='word_1_189' title='bbox 197 2197 293 2238; x_wconf 83' lang='grc'><strong>394.</strong></span> <span class='ocrx_word' id='word_1_190' title='bbox 316 2197 416 2238; x_wconf 83' lang='grc' dir='ltr'><strong><em>οὔτε</em></strong></span> <span class='ocrx_word' id='word_1_191' title='bbox 445 2197 674 2250; x_wconf 80' lang='grc' dir='ltr'><em>θαλάσσης</em></span> <span class='ocrx_word' id='word_1_192' title='bbox 693 2203 809 2250; x_wconf 86' lang='grc' dir='ltr'><strong><em>κῦμα</em></strong></span> 
     </span>
     <span class='ocr_line' id='line_1_27' title="bbox 130 2264 807 2322; baseline 0 -14"><span class='ocrx_word' id='word_1_193' title='bbox 130 2268 263 2308; x_wconf 87' lang='grc' dir='ltr'><strong><em>τόσον</em></strong></span> <span class='ocrx_word' id='word_1_194' title='bbox 312 2266 424 2322; x_wconf 77' lang='grc' dir='ltr'><strong><em>βοάᾳ</em></strong></span> <span class='ocrx_word' id='word_1_195' title='bbox 478 2264 578 2309; x_wconf 85' lang='grc' dir='ltr'><strong><em>ποτὶ</em></strong></span> <span class='ocrx_word' id='word_1_196' title='bbox 634 2265 807 2321; x_wconf 80' lang='grc' dir='ltr'><strong><em>χέρσον,</em></strong></span> 
     </span>
    </p>
   </div>
   <div class='ocr_carea' id='block_1_8' title="bbox 970 2198 1644 2324">
    <p class='ocr_par' dir='ltr' id='par_1_8' title="bbox 970 2198 1644 2324">
     <span class='ocr_line' id='line_1_28' title="bbox 970 2198 1643 2255; baseline 0.001 -16"><span class='ocrx_word' id='word_1_197' title='bbox 970 2214 1012 2255; x_wconf 87' lang='lat' dir='ltr'>g.</span> <span class='ocrx_word' id='word_1_198' title='bbox 1030 2198 1111 2241; x_wconf 89' lang='lat' dir='ltr'>IV.</span> <span class='ocrx_word' id='word_1_199' title='bbox 1129 2198 1216 2240; x_wconf 78' lang='lat'>260</span> <span class='ocrx_word' id='word_1_200' title='bbox 1244 2203 1339 2240; x_wconf 90' lang='lat' dir='ltr'>tum</span> <span class='ocrx_word' id='word_1_201' title='bbox 1368 2212 1500 2240; x_wconf 89' lang='lat' dir='ltr'>sonus</span> <span class='ocrx_word' id='word_1_202' title='bbox 1523 2198 1643 2240; x_wconf 80' lang='lat' dir='ltr'>audi—</span> 
     </span>
     <span class='ocr_line' id='line_1_29' title="bbox 970 2266 1644 2324; baseline 0 -15"><span class='ocrx_word' id='word_1_203' title='bbox 970 2270 1047 2310; x_wconf 91' lang='lat' dir='ltr'>tur</span> <span class='ocrx_word' id='word_1_204' title='bbox 1119 2266 1305 2324; x_wconf 87' lang='lat' dir='ltr'>gravior</span> <span class='ocrx_word' id='word_1_205' title='bbox 1376 2267 1644 2324; x_wconf 79' lang='lat' dir='ltr'>tractimque</span> 
     </span>
    </p>
   </div>
   <div class='ocr_carea' id='block_1_9' title="bbox 131 2336 1645 2393">
    <p class='ocr_par' dir='ltr' id='par_1_9' title="bbox 131 2336 1645 2393">
     <span class='ocr_line' id='line_1_30' title="bbox 131 2336 1645 2393; baseline 0.001 -16"><span class='ocrx_word' id='word_1_206' title='bbox 131 2337 355 2378; x_wconf 83' lang='grc' dir='ltr'><strong><em>ποντόθεν</em></strong></span> <span class='ocrx_word' id='word_1_207' title='bbox 386 2336 634 2390; x_wconf 78' lang='grc' dir='ltr'><strong><em>ὀρνύμενον</em></strong></span> <span class='ocrx_word' id='word_1_208' title='bbox 670 2340 806 2391; x_wconf 82' lang='grc' dir='ltr'><strong><em>πνοιῇ</em></strong></span> <span class='ocrx_word' id='word_1_209' title='bbox 971 2339 1234 2389; x_wconf 87' lang='lat' dir='ltr'>susurrant,</span> <span class='ocrx_word' id='word_1_210' title='bbox 1319 2336 1514 2393; x_wconf 79' lang='lat' dir='ltr'>frigidus</span> <span class='ocrx_word' id='word_1_211' title='bbox 1593 2339 1645 2379; x_wconf 91' lang='lat' dir='ltr'>ut</span> 
     </span>
    </p>
   </div>
   <div class='ocr_carea' id='block_1_10' title="bbox 129 2403 802 2876">
    <p class='ocr_par' dir='ltr' id='par_1_10' title="bbox 130 2403 511 2460">
     <span class='ocr_line' id='line_1_31' title="bbox 130 2403 511 2460; baseline -0.008 -14"><span class='ocrx_word' id='word_1_212' title='bbox 130 2403 272 2458; x_wconf 83' lang='grc' dir='ltr'><strong><em>βορέω</em></strong></span> <span class='ocrx_word' id='word_1_213' title='bbox 300 2404 511 2460; x_wconf 77' lang='grc' dir='ltr'><strong><em>ἀλεγεινῇ.</em></strong></span> 
     </span>
    </p>

    <p class='ocr_par' dir='ltr' id='par_1_11' title="bbox 129 2473 802 2737">
     <span class='ocr_line' id='line_1_32' title="bbox 131 2473 802 2528; baseline 0.001 -13"><span class='ocrx_word' id='word_1_214' title='bbox 131 2474 234 2516; x_wconf 79' lang='grc' dir='ltr'><strong><em>οὔτε</em></strong></span> <span class='ocrx_word' id='word_1_215' title='bbox 254 2475 394 2527; x_wconf 82' lang='grc' dir='ltr'><strong><em>πυρὸς</em></strong></span> <span class='ocrx_word' id='word_1_216' title='bbox 414 2475 572 2524; x_wconf 82' lang='grc' dir='ltr'><strong><em>τόσσος</em></strong></span> <span class='ocrx_word' id='word_1_217' title='bbox 601 2489 650 2528; x_wconf 77' lang='grc' dir='ltr'><strong><em>γε</em></strong></span> <span class='ocrx_word' id='word_1_218' title='bbox 681 2473 802 2516; x_wconf 81' lang='grc' dir='ltr'><strong><em>πέλει</em></strong></span> 
     </span>
     <span class='ocr_line' id='line_1_33' title="bbox 131 2543 801 2599; baseline -0.001 -13"><span class='ocrx_word' id='word_1_219' title='bbox 131 2546 297 2599; x_wconf 80' lang='grc' dir='ltr'><strong><em>βρόμος</em></strong></span> <span class='ocrx_word' id='word_1_220' title='bbox 313 2544 572 2599; x_wconf 82' lang='grc' dir='ltr'><strong><em>αἰθομένοιο</em></strong></span> <span class='ocrx_word' id='word_1_221' title='bbox 586 2544 743 2599; x_wconf 74' lang='grc' dir='ltr'><strong><em>οὔρεος</em></strong></span> <span class='ocrx_word' id='word_1_222' title='bbox 754 2543 801 2585; x_wconf 79' lang='grc' dir='ltr'>ἐν</span> 
     </span>
     <span class='ocr_line' id='line_1_34' title="bbox 132 2613 801 2669; baseline -0.001 -13"><span class='ocrx_word' id='word_1_223' title='bbox 132 2615 364 2669; x_wconf 83' lang='grc' dir='ltr'><strong><em>βήσσῃσιν,</em></strong></span> <span class='ocrx_word' id='word_1_224' title='bbox 383 2613 440 2656; x_wconf 85' lang='grc' dir='ltr'>ὅτ’</span> <span class='ocrx_word' id='word_1_225' title='bbox 466 2614 601 2668; x_wconf 81' lang='grc' dir='ltr'><strong><em>ὤρετο</em></strong></span> <span class='ocrx_word' id='word_1_226' title='bbox 622 2613 801 2668; x_wconf 83' lang='grc' dir='ltr'><strong><em>καιέμεν</em></strong></span> 
     </span>
     <span class='ocr_line' id='line_1_35' title="bbox 129 2683 255 2737; baseline 0 -12"><span class='ocrx_word' id='word_1_227' title='bbox 129 2683 255 2737; x_wconf 81' lang='grc' dir='ltr'><strong><em>ὕλην.</em></strong></span> 
     </span>
    </p>

    <p class='ocr_par' dir='ltr' id='par_1_12' title="bbox 130 2751 800 2876">
     <span class='ocr_line' id='line_1_36' title="bbox 130 2751 800 2807; baseline 0.001 -13"><span class='ocrx_word' id='word_1_228' title='bbox 130 2751 217 2794; x_wconf 78' lang='grc' dir='ltr'><strong><em>οὔτ’</em></strong></span> <span class='ocrx_word' id='word_1_229' title='bbox 253 2752 413 2805; x_wconf 75' lang='grc' dir='ltr'><strong><em>ἄνεμος</em></strong></span> <span class='ocrx_word' id='word_1_230' title='bbox 442 2753 604 2795; x_wconf 86' lang='grc' dir='ltr'><strong><em>τόσσον</em></strong></span> <span class='ocrx_word' id='word_1_231' title='bbox 630 2768 679 2807; x_wconf 78' lang='grc' dir='ltr'><strong><em>γε</em></strong></span> <span class='ocrx_word' id='word_1_232' title='bbox 700 2751 800 2795; x_wconf 86' lang='grc' dir='ltr'><strong><em>ποτὶ</em></strong></span> 
     </span>
     <span class='ocr_line' id='line_1_37' title="bbox 130 2819 796 2876; baseline 0.002 -13"><span class='ocrx_word' id='word_1_233' title='bbox 130 2819 291 2876; x_wconf 83' lang='grc' dir='ltr'><strong><em>δρυσὶν</em></strong></span> <span class='ocrx_word' id='word_1_234' title='bbox 311 2821 596 2875; x_wconf 83' lang='grc' dir='ltr'><strong><em>ὑψικόμοισιν</em></strong></span> <span class='ocrx_word' id='word_1_235' title='bbox 617 2822 746 2876; x_wconf 85' lang='grc' dir='ltr'><strong><em>ἠπύει</em></strong></span> <span class='ocrx_word' id='word_1_236' title='bbox 765 2855 796 2865; x_wconf 94' lang='grc'>..</span> 
     </span>
    </p>
   </div>
   <div class='ocr_carea' id='block_1_11' title="bbox 965 2405 1644 2809">
    <p class='ocr_par' dir='ltr' id='par_1_13' title="bbox 969 2405 1644 2528">
     <span class='ocr_line' id='line_1_38' title="bbox 969 2405 1644 2462; baseline 0.001 -15"><span class='ocrx_word' id='word_1_237' title='bbox 969 2405 1189 2462; x_wconf 87' lang='lat' dir='ltr'>quondam</span> <span class='ocrx_word' id='word_1_238' title='bbox 1221 2405 1346 2448; x_wconf 85' lang='lat' dir='ltr'>silvis</span> <span class='ocrx_word' id='word_1_239' title='bbox 1391 2407 1644 2448; x_wconf 91' lang='lat' dir='ltr'>immurmu-</span> 
     </span>
     <span class='ocr_line' id='line_1_39' title="bbox 969 2475 1260 2528; baseline 0 -11"><span class='ocrx_word' id='word_1_240' title='bbox 969 2476 1045 2517; x_wconf 89' lang='lat' dir='ltr'>rat</span> <span class='ocrx_word' id='word_1_241' title='bbox 1074 2475 1260 2528; x_wconf 87' lang='lat' dir='ltr'>Auster,</span> 
     </span>
    </p>

    <p class='ocr_par' dir='ltr' id='par_1_14' title="bbox 965 2544 1644 2809">
     <span class='ocr_line' id='line_1_40' title="bbox 967 2544 1644 2589; baseline 0.003 -3"><span class='ocrx_word' id='word_1_242' title='bbox 967 2546 1020 2587; x_wconf 92' lang='lat' dir='ltr'>ut</span> <span class='ocrx_word' id='word_1_243' title='bbox 1049 2558 1170 2587; x_wconf 88' lang='lat' dir='ltr'>mare</span> <span class='ocrx_word' id='word_1_244' title='bbox 1201 2544 1444 2587; x_wconf 87' lang='lat' dir='ltr'>sollicitum</span> <span class='ocrx_word' id='word_1_245' title='bbox 1487 2546 1644 2589; x_wconf 85' lang='lat' dir='ltr'>stridit</span> 
     </span>
     <span class='ocr_line' id='line_1_41' title="bbox 967 2613 1449 2667; baseline 0 -11"><span class='ocrx_word' id='word_1_246' title='bbox 967 2613 1260 2657; x_wconf 88' lang='lat' dir='ltr'>refluentibus</span> <span class='ocrx_word' id='word_1_247' title='bbox 1291 2613 1449 2667; x_wconf 77' lang='lat' dir='ltr'>undis,</span> 
     </span>
     <span class='ocr_line' id='line_1_42' title="bbox 966 2683 1642 2740; baseline 0.003 -15"><span class='ocrx_word' id='word_1_248' title='bbox 966 2686 1145 2727; x_wconf 84' lang='lat' dir='ltr'>aestuat</span> <span class='ocrx_word' id='word_1_249' title='bbox 1185 2690 1237 2725; x_wconf 91' lang='lat' dir='ltr'>ut</span> <span class='ocrx_word' id='word_1_250' title='bbox 1269 2683 1428 2726; x_wconf 86' lang='lat' dir='ltr'>clausis</span> <span class='ocrx_word' id='word_1_251' title='bbox 1461 2685 1642 2740; x_wconf 89' lang='lat' dir='ltr'>rapidus</span> 
     </span>
     <span class='ocr_line' id='line_1_43' title="bbox 965 2752 1384 2809; baseline 0 -14"><span class='ocrx_word' id='word_1_252' title='bbox 965 2752 1220 2796; x_wconf 87' lang='lat' dir='ltr'>fornacibus</span> <span class='ocrx_word' id='word_1_253' title='bbox 1253 2753 1384 2809; x_wconf 82' lang='lat' dir='ltr'>ignis.</span> 
     </span>
    </p>
   </div>
  </div>
 </body>
</html>
