2088 3268
1058 168 1116 210 60

434 282 569 325 dicit:
603 284 687 334 ,est
718 282 871 323 autem
890 296 1049 325 versus
1071 281 1316 324 Ennianus‘
1351 284 1487 334 ,recte
1508 279 1687 324 Vahlen
1716 279 1844 332 (Var.

319 349 393 408 41)
435 352 697 410 comparato
727 350 955 395 Macrobio
998 349 1098 408 (VI.
1131 350 1173 395 4.
1205 349 1248 408 6)
1290 349 1372 394 hoc
1415 349 1648 408 pertinere
1692 351 1847 394 censet

319 420 376 461 ad
400 420 656 476 ,Scipionis‘
688 434 895 462 versum:

454 488 624 546 sparsis
654 487 799 533 hastis
830 487 978 545 longis
1010 503 1189 545 campus
1222 487 1429 546 splendet
1459 492 1506 532 et
1536 485 1706 539 horret.

698 646 741 698 b)
793 644 857 687 de
888 644 1037 687 locis
1070 644 1467 702 amplioribus.

495 746 540 803 α)
585 745 639 790 de
669 745 779 790 locis
811 760 998 803 quorum
1028 745 1302 802 exemplaria
1334 749 1521 806 servata
1551 747 1667 789 sunt.

434 827 576 872 Locos
613 828 826 885 quosdam
857 827 1096 881 Ennianos,
1130 842 1239 884 quos
1269 828 1475 872 imitatus
1507 829 1579 871 est
1601 826 1846 884 Vergilius,

320 898 458 939 affert
488 897 742 940 Macrobius
773 897 821 939 in
852 896 1043 939 secundo
1075 896 1222 951 capite
1252 896 1360 939 libri
1392 896 1472 939 VI.
1504 896 1544 938 2.
1576 896 1626 951 ξς
1649 895 1843 948 16-28;

321 966 546 1022 componit
591 965 734 1018 locos,
780 968 845 1018 ,ut
875 964 992 1008 unde
1035 964 1222 1008 formati
1261 965 1376 1016 sint,
1421 965 1550 1021 quasi
1579 964 1635 1008 de
1665 963 1844 1021 speculo

321 1037 593 1091 cognoscas‘.
653 1034 749 1076 Hos
791 1034 1077 1091 inspiciamus
1109 1033 1387 1085 accuratius,
1418 1033 1536 1076 unde
1566 1033 1844 1090 colligamus,

319 1103 426 1160 quid
473 1104 526 1146 de
568 1103 696 1157 aliis,
745 1118 932 1160 quorum
978 1102 1254 1159 exemplaria
1300 1118 1388 1146 non
1422 1107 1685 1160 supersunt,
1731 1101 1845 1145 iudi-

320 1173 508 1215 candum
542 1172 623 1227 sit;
669 1171 905 1215 excludere
935 1171 1074 1215 liceat
1104 1171 1161 1214 ad
1191 1174 1367 1228 tempus
1399 1171 1501 1215 illos
1531 1171 1651 1214 locos
1683 1172 1726 1226 (ξ
1759 1170 1844 1227 28),

320 1241 481 1299 quibus
512 1243 700 1298 praeter
721 1240 975 1284 Ennianum
1006 1241 1142 1285 etiam
1165 1241 1447 1285 Homericum
1479 1241 1706 1297 exemplar
1728 1240 1842 1284 Ver-

318 1310 429 1367 gilio
458 1312 647 1367 praesto
680 1309 820 1353 fuisse
850 1311 1053 1353 testatur
1084 1312 1244 1353 auctor
1276 1309 1552 1354 Macrobiani
1580 1309 1689 1354 libri
1718 1309 1774 1354 V.

435 1380 477 1436 1)
508 1380 551 1436 (ξ
574 1380 646 1436 16)
677 1393 717 1423 a.
748 1379 834 1422 XI.
865 1381 952 1422 425
974 1397 1027 1418 cv
1049 1381 1105 1422 A.
1129 1380 1227 1423 287.
1274 1380 1507 1436 Vergilius
1538 1395 1635 1422 cum
1665 1380 1841 1423 faceret

319 1449 520 1492 Turnum
565 1464 669 1493 suos
700 1449 759 1492 ad
790 1448 957 1492 bellum
986 1449 1324 1502 adhortantem,
1365 1450 1413 1492 in
1454 1450 1703 1493 orationem
1745 1463 1844 1493 con·

316 1518 467 1561 texuit
488 1518 762 1561 sententiam
792 1518 1027 1575 quandam,
1058 1532 1190 1575 quam
1219 1518 1340 1575 apud
1359 1518 1551 1561 Ennium
1583 1518 1659 1574 qui
1688 1520 1845 1575 protu-

315 1587 439 1642 lerit,
470 1587 694 1631 incertum
724 1589 808 1631 est.
867 1586 1132 1641 (Vahlenius
1163 1602 1206 1645 p.
1239 1586 1543 1632 CLXXXIX:
1576 1587 1846 1631 sententiam

317 1691 326 1699 .
350 1691 359 1699 .
382 1658 438 1700 ab
465 1656 550 1700 hac
579 1657 792 1699 immensa
822 1656 1081 1699 calamitate
1103 1671 1335 1700 removere
1364 1656 1500 1710 nolui,
1534 1656 1630 1700 sive
1661 1671 1715 1699 ea
1745 1671 1844 1699 con-

316 1726 577 1768 siliantibus
609 1724 695 1768 diis
724 1739 752 1767 a
781 1725 928 1768 nescio
957 1740 1043 1782 quo
1073 1724 1168 1768 sive
1195 1727 1353 1782 postea
1375 1725 1729 1769 deliberantibus
1750 1725 1844 1768 Ro-

315 1794 472 1850 manis,
507 1797 632 1837 certe
653 1793 913 1837 consolandi
944 1808 996 1837 ac
1023 1794 1118 1851 spei
1139 1794 1422 1837 suscitandae
1443 1808 1577 1838 causa
1598 1794 1720 1838 elata
1740 1795 1841 1848 est.)

432 1862 685 1920 Vergilium
703 1878 867 1907 revera
883 1863 1054 1907 imitari
1068 1863 1189 1907 Enni
1201 1863 1345 1906 locum
1365 1866 1490 1907 certe
1506 1863 1843 1907 demonstratur

316 1934 505 1977 duorum
529 1932 777 1991 primorum
803 1934 1045 1976 verborum
1079 1933 1350 1977 concinitate
1382 1948 1495 1991 quae
1528 1935 1651 1978 sunt:
1686 1933 1842 1986 ‚multa

316 2004 440 2047 dies‘.
503 2002 592 2047 Sed
623 2002 799 2060 reliqua
829 2017 947 2046 nova
977 2002 1128 2046 reddit
1160 2002 1416 2059 Vergilius;
1448 2004 1594 2047 vertit
1624 2003 1739 2047 enim
1770 2005 1841 2047 to-

315 2079 409 2115 tam
441 2071 713 2115 sententiam
741 2072 883 2128 magis
927 2072 975 2114 in
1003 2073 1164 2115 bonam
1193 2076 1369 2128 partem
1381 2072 1456 2127 54),
1503 2072 1675 2125 omisit,
1723 2072 1840 2129 quod

314 2141 487 2184 Ennius
520 2141 707 2198 opponit
738 2143 877 2184 verba
919 2140 1113 2193 ‚multa
1136 2174 1145 2183 .
1171 2174 1179 2183 .
1201 2143 1371 2194 unus‘,
1420 2141 1566 2185 omnia
1595 2155 1675 2184 suo
1707 2141 1837 2185 modo

315 2211 465 2254 verbis
498 2211 721 2266 exprimit.

429 2279 474 2337 2)
504 2279 700 2324 Macrob.
734 2279 816 2323 VI.
848 2278 888 2322 2.
921 2279 990 2322 27.
1025 2293 1063 2322 a.
1096 2278 1179 2323 VI.
1212 2279 1296 2323 179
1328 2297 1380 2318 ω
1412 2278 1469 2323 Α.
1500 2278 1583 2323 VI.
1616 2279 1713 2323 187.

432 2438 493 2480 54)
522 2435 592 2470 Sed
629 2446 701 2470 non
735 2438 859 2479 potest
893 2434 1074 2478 dubitari,
1114 2435 1201 2479 quin
1235 2435 1332 2469 Enni
1365 2435 1482 2469 locum
1519 2434 1726 2470 Macrobius
1765 2446 1838 2471 non

314 2495 496 2539 integrum
521 2493 726 2529 tradiderit.
771 2493 863 2537 Quid
890 2494 985 2529 enim
1009 2494 1157 2529 valeant
1182 2494 1293 2529 verba
1319 2497 1369 2538 ,et
1393 2496 1543 2536 rursus⁴,
1570 2491 1840 2529 demonstratur

314 2553 452 2597 Vergili
477 2554 661 2588 versibus:
700 2552 833 2587 multos
860 2553 1025 2587 Fortuna
1050 2552 1166 2587 illusit
1200 2556 1245 2587 et
1272 2562 1441 2586 rursus
1479 2552 1516 2585 in
1542 2551 1657 2587 solido
1682 2552 1838 2587 locavit‘.

312 2612 412 2657 Ergo
446 2611 502 2646 illi
537 2615 586 2655 ,et
610 2621 739 2647 rursus
785 2613 923 2646 multae
959 2610 1130 2647 fortunae
1157 2639 1164 2646 .
1192 2638 1200 2646 .
1227 2610 1453 2646 recumbunt‘
1491 2611 1712 2646 contrarium
1737 2615 1837 2647 ante-

313 2671 442 2706 cedere
467 2671 576 2706 debet
600 2670 836 2715 respondens,
863 2671 917 2705 ita
941 2674 982 2705 ut
1008 2671 1148 2705 Ennius
1174 2669 1328 2705 dixerit:
1355 2669 1455 2704 Unus
1482 2668 1558 2704 dies
1585 2671 1698 2705 multa
1723 2669 1838 2705 efficit

311 2728 494 2777 (200nficit‘
514 2729 609 2765 enim
625 2728 876 2764 indifferenter
895 2728 1030 2764 dictum
1056 2733 1112 2764 est
1137 2733 1174 2764 et
1201 2728 1246 2764 de
1262 2728 1367 2764 bonis
1393 2732 1430 2763 et
1454 2727 1499 2763 de
1516 2728 1658 2774 malis):
1684 2729 1837 2774 ‚Multae

310 2790 401 2823 fiunt
429 2799 490 2823 res
516 2787 698 2823 secundae
722 2793 759 2823 et
784 2798 910 2823 rursus
936 2788 1072 2823 multae
1098 2787 1270 2822 fortunae
1298 2814 1305 2822 .
1333 2814 1341 2821 .
1367 2787 1591 2823 recumbunt.
1626 2787 1724 2823 haud
1750 2798 1837 2832 qua-

311 2857 419 2891 quam
446 2853 661 2892 quemquam
686 2857 829 2891 semper
855 2846 1004 2882 fortuna
1029 2849 1156 2882 secuta
1181 2847 1258 2882 est‘.
