2088 3268
1115 144 1172 188 30

383 259 576 303 Caesare
609 260 666 302 ad
695 260 826 302 finem
847 260 1053 316 positam,
1085 259 1228 302 allato
1259 259 1339 302 illo
1371 259 1478 303 solis
1509 259 1663 313 omine,
1697 274 1781 316 quo
1804 259 1902 303 Juli

383 328 588 373 Caesaris
618 343 739 371 mors
769 328 1001 386 praedicta
1032 330 1146 372 erat.

501 398 674 441 Deinde
716 412 740 441 e
779 400 881 440 tota
909 398 1103 440 materia
1146 399 1201 439 ab
1231 398 1380 440 Arato
1422 397 1565 440 allata
1603 412 1681 440 suo
1710 397 1901 441 arbitrio

382 466 473 510 alia
512 466 703 524 delegit,
750 466 842 510 alia
883 466 1034 510 omisit
1077 482 1128 510 eo
1159 466 1366 519 consilio,
1413 470 1465 510 ut
1506 468 1553 510 et
1595 467 1800 511 carminis
1833 467 1910 512 sui¹

382 538 537 593 partes
569 537 681 580 satis
713 550 880 593 aequae
912 539 1065 579 essent
1093 536 1426 593 amplitudinis:

865 618 1148 662 Prooemium
1179 620 1206 662 5
1222 634 1295 663 vv.

383 689 436 731 de
469 689 617 732 ventis
775 689 829 731 14
847 705 918 731 vv,
982 690 985 751 J
1043 689 1098 731 de
1127 689 1235 732 luna
1327 690 1379 730 14
1396 704 1468 730 vv.
1502 690 1674 741 (Arat.:
1715 689 1770 731 85
1787 704 1859 732 vv.
1874 690 1903 744 Σ)

383 756 437 799 de
467 756 635 814 pluviis
774 757 830 799 23
847 773 918 801 vv.
983 755 986 796 Ι
1043 757 1096 800 de
1130 757 1224 801 sole
1321 757 1378 799 24
1393 773 1467 801 vv.

383 826 437 868 de
469 826 718 868 serenitate
773 826 824 867 31
845 841 918 869 vv.
983 804 986 878 A
1044 825 1096 868 de
1129 826 1272 869 omine
1324 826 1380 868 34
1396 841 1468 869 vv.

826 895 1035 937 Precatio
1068 895 1250 938 deorum
1285 895 1339 937 18
1357 910 1428 938 vv.

385 966 434 1007 et
475 965 529 1007 ut
560 978 634 1007 res
678 964 878 1018 afferret,
914 968 1026 1021 quae'
1056 964 1300 1008 redderent
1343 979 1520 1007 carmen
1550 965 1725 1007 varium
1755 966 1802 1007 et
1831 979 1904 1007 res

383 1033 576 1076 rusticas
607 1034 793 1090 pulchre
826 1033 1096 1076 describens.

471 1114 676 1157 Tertium
710 1115 837 1170 signa
868 1114 1118 1170 singularia
1147 1115 1289 1157 libere
1330 1117 1377 1157 et
1408 1114 1578 1170 digerit
1608 1117 1655 1157 et
1686 1114 1903 1158 describit

384 1183 617 1240 Vergilius
649 1198 791 1240 neque
822 1197 928 1226 raro
961 1183 1097 1226 etiam
1127 1197 1301 1226 sensum
1331 1185 1480 1226 mutat
1511 1183 1624 1237 (402.
1656 1184 1754 1226 432.
1786 1183 1902 1238 445).

385 1254 538 1309 Atque
567 1255 747 1295 tantum
776 1253 919 1305 abest,
965 1255 1017 1294 ut
1046 1252 1250 1294 imitetur
1280 1252 1420 1294 Arati
1448 1266 1588 1308 genus
1620 1252 1805 1305 dicendi,
1850 1255 1905 1294 ut

385 1322 531 1365 omnia
562 1335 639 1364 suo
670 1320 798 1364 modo
830 1320 1032 1377 proferre
1064 1320 1266 1363 studeat:
1299 1320 1446 1363 evitat
1478 1321 1723 1364 sententias
1756 1321 1901 1364 condi-

384 1390 578 1433 cionales
605 1404 714 1446 quas
748 1403 880 1447 saepe
902 1389 1020 1446 apud
1041 1390 1235 1432 Aratum
1256 1390 1458 1446 legimus,
1481 1395 1617 1447 atque
1638 1390 1755 1433 omni
1775 1390 1903 1433 modo

384 1460 671 1516 periodorum
702 1461 978 1502 structuram
1010 1459 1173 1501 variat.
1229 1459 1393 1514 Magna
1423 1474 1519 1501 cum
1550 1462 1649 1502 arte
1680 1460 1807 1514 signa
1836 1460 1904 1501 in-

386 1528 553 1580 stituit,
597 1530 649 1570 ut
695 1528 918 1571 rationem
963 1527 1157 1570 habeant
1200 1526 1256 1570 ad
1288 1527 1429 1570 vitam
1459 1527 1757 1585 agricolarum
1786 1528 1902 1585 (360.

385 1598 470 1640 388
483 1613 576 1653 sqq.
609 1598 708 1639 404.
740 1598 838 1638 420.
870 1598 967 1638 448.
1000 1598 1101 1649 456)
1133 1611 1212 1639 nec
1241 1597 1385 1638 minus
1407 1596 1648 1639 artificiose
1669 1598 1902 1639 verborum
1934 1635 1949 1652 ι

386 1680 493 1709 sono
524 1665 863 1722 hexametrique
904 1681 1087 1709 numero
1131 1665 1249 1722 quod
1293 1665 1392 1708 vult
1435 1665 1688 1709 describere
1718 1666 1903 1709 auribus

386 1739 433 1778 et
463 1736 602 1778 oculis
632 1735 878 1791 legentium
910 1735 990 1778 dat
1012 1734 1353 1791 percipiendum.
1388 1737 1569 1787 (ventus
1601 1749 1785 1790 surgens
1818 1735 1903 1778 356

387 1805 542 1856 —359‚
576 1803 764 1846 hirundo
780 1803 831 1858 ²⁵)
865 1803 962 1857 377,
994 1818 1208 1846 ranarum
1227 1802 1412 1859 querela
1433 1803 1530 1853 378,
1561 1805 1724 1845 noctua
1743 1803 1901 1860 402sq.

385 1873 554 1930 grando
587 1872 704 1929 449).
760 1872 995 1916 Interdum
1026 1873 1162 1916 etiam
1191 1872 1384 1929 imagine
1416 1871 1567 1929 aliqua
1596 1872 1778 1929 pulchre
1809 1873 1903 1916 des-

385 1943 597 1986 cribenda
639 1942 749 1984 adeo
793 1945 864 1984 est
907 1947 1166 1998 occupatus,
1210 1943 1263 1984 ut
1293 1941 1630 1998 prognosticum
1661 1955 1709 1984 se
1738 1941 1905 1984 afferre

386 2011 591 2055 oblivisci
621 2011 831 2054 videatur
863 2010 1017 2067 (stella
1048 2011 1143 2053 365.
1177 2010 1333 2053 cornix
1363 2011 1460 2052 388.
1502 2010 1638 2053 Nisus
1670 2013 1716 2053 et
1747 2010 1906 2066 Scylla

387 2082 502 2135 404).
546 2081 782 2124 Postremo
804 2080 952 2123 tribus
974 2080 1175 2123 versibus
1207 2095 1262 2122 ex
1280 2079 1465 2122 Homeri
1486 2079 1789 2137 Parthenique
1810 2094 1904 2123 car-

385 2150 575 2194 minibus
617 2151 826 2193 accurate
868 2148 1109 2192 translatis
1153 2148 1340 2191 carmini
1382 2148 1545 2192 Latino
1590 2164 1644 2192 ne
1690 2149 1905 2207 splendor

387 2220 564 2278 quidam
596 2218 795 2262 Graecus
827 2218 959 2271 desit,
993 2220 1182 2274 spectat.

681 2374 731 2420 4.
790 2375 869 2420 De
899 2373 1250 2419 Eratosthene
1286 2376 1338 2418 et
1369 2374 1611 2420 Pindaro.

502 2476 701 2519 Restant
730 2475 816 2518 duo
846 2477 1007 2532 poetae
1037 2475 1342 2518 Eratoshenes
1373 2478 1421 2518 et
1450 2475 1685 2528 Pindarus,
1717 2489 1905 2531 quorum

387 2544 693 2589 versus·licet
733 2558 993 2601 comparare
1035 2558 1132 2587 cum
1162 2543 1340 2600 Vergili
1378 2543 1643 2588 imitatione.
1703 2543 1847 2587 Erat
1860 2558 1905 2587 0-

388 2614 628 2657 sthenis
650 2613 700 2669 ²⁶)
744 2614 859 2656 enim
905 2614 1203 2656 imitationem
1252 2615 1383 2656 notat
1427 2613 1567 2656 Probi
1611 2613 1687 2669 qui
1736 2612 1904 2656 dicitur

506 2767 567 2811 25)
592 2767 648 2801 Ι)6
672 2767 790 2811 poetis
817 2767 959 2802 Latinis
986 2779 1016 2801 v.
1043 2767 1141 2802 infra
1166 2778 1200 2811 p.
1228 2768 1271 2801 83
1289 2777 1339 2810 sq.

506 2829 566 2871 26)
595 2825 649 2860 Cf.
677 2826 835 2870 Morsch,
862 2826 884 2860 1.
910 2826 933 2861 1.
961 2837 994 2870 p.
1026 2829 1076 2860 11.
