2088 3268
878 154 935 196 49

265 285 308 313 v.
340 270 425 313 503
458 269 666 313 similiter
707 269 928 313 formatus
959 273 1030 312 est
1072 273 1208 327 atque
1241 269 1424 313 Lucreti
1455 284 1496 312 v.
1532 268 1675 321 1182;

152 338 232 383 sed
260 338 340 382 ille
369 337 428 384 ad
446 338 780 393 antecedentia,
811 338 882 382 hic
912 339 969 382 ad
990 339 1224 396 sequentia
1254 338 1466 394 pertinet.
1520 337 1676 381 Ceteri

149 422 308 451 versus
352 408 494 451 simile
537 408 711 450 habent
750 409 800 450 τὸ
842 406 966 461 ἦθος.
1028 408 1154 461 Quod
1199 408 1336 451 etiam
1377 408 1424 450 in
1466 407 1672 451 versibus

150 477 486 535 insequentibus
536 476 751 532 (Macrob.
784 478 834 533 ἐξ
864 477 997 534 8--9)
1038 477 1258 532 invenies;
1304 477 1381 521 ubi
1423 475 1669 533 Vergilius,

150 546 268 603 quod
310 546 364 589 de
395 547 643 589 hominibus
690 547 801 589 dicit
831 547 1080 599 Lucretius,
1120 547 1364 589 artificiose
1404 546 1462 588 ad
1505 546 1672 588 bestias

130 615 417 660 transtulit:
464 615 543 660 sed
592 618 759 660 natura
798 615 865 660 rei
909 615 974 670 fit,
1005 622 1057 660 ut
1097 615 1312 674 pleraque
1343 615 1521 659 diversa
1566 614 1671 659 sint.

153 685 303 728 Etiam
333 684 566 741 Vergilius
605 699 686 728 sua
716 699 965 742 compressa
995 685 1204 729 reddidit.
1256 676 1264 683 ⁸

265 754 437 798 Versus
482 756 505 806 ξ
554 754 607 796 12
659 769 686 796 a
727 755 954 798 Macrobio
996 755 1129 798 allati
1170 755 1245 811 (V.
1288 756 1480 811 5098qq.
1524 772 1577 793 Ν
1618 753 1669 795 L.

153 823 266 866 1224
279 823 392 880 sqq.)
433 823 517 867 hoc
547 823 691 866 solum
740 838 964 867 commune
993 823 1180 877 habent,
1224 824 1340 881 quod
1380 824 1426 865 in
1466 823 1672 880 utrisque

150 894 205 936 de
236 893 441 936 vanitate
472 893 773 936 remediorum
810 894 965 949 agitur
996 896 1045 936 et
1073 895 1213 936 verba
1244 893 1406 936 similia
1435 894 1668 949 apparent,

155 976 272 1020 quae
302 964 408 1005 sunt
440 961 537 1015 ,hoc
566 967 666 1006 erat
697 962 863 1005 exitio‘.

265 1032 361 1075 Iam
389 1031 434 1073 in
478 1030 544 1074 his
575 1031 780 1074 versibus
821 1031 1117 1074 admiratione
1162 1031 1344 1087 dignum
1375 1034 1457 1083 est,
1501 1033 1670 1088 quanta

150 1100 434 1145 moderantia
474 1103 730 1157 quantoque
769 1100 939 1158 pudore
970 1100 1201 1157 Vergilius
1232 1101 1484 1157 spectacula
1526 1100 1670 1144 horri-

150 1170 260 1213 bilia
290 1169 591 1226 descripserit.
666 1170 790 1212 Idem
827 1170 980 1212 evenit
1009 1170 1056 1211 in
1085 1170 1418 1226 insequentibus
1449 1170 1668 1221 versibus,

151 1239 227 1283 ubi
255 1242 390 1296 poeta
419 1238 728 1282 misericordia
763 1238 954 1295 quadam
993 1238 1185 1282 humana
1215 1242 1455 1282 commotus
1487 1239 1669 1282 lectoris

151 1309 302 1351 oculos
332 1323 360 1350 a
388 1308 584 1351 terribili
614 1309 802 1364 aspectu
843 1322 1056 1363 equorum
1075 1322 1264 1364 corpora
1294 1322 1375 1350 sua
1405 1308 1670 1351 laniantium

150 1383 362 1421 avertere
391 1376 535 1434 magis
566 1376 748 1420 videtur
792 1390 925 1433 quam
955 1376 1177 1420 coloribus
1218 1376 1357 1419 variis
1389 1391 1482 1419 rem
1527 1376 1670 1434 ipsam

151 1446 417 1489 describere.
450 1447 507 1502 (v.
532 1446 629 1489 513.
660 1446 862 1489 fortasse
891 1445 1095 1488 imitatus
1117 1445 1332 1489 Nicandri
1363 1445 1565 1489 Theriac.
1583 1445 1667 1501 86).

266 1515 425 1559 Omnia
468 1530 581 1572 quae
626 1519 880 1571 sequuntur
921 1529 1061 1571 usque
1101 1515 1157 1558 ad
1199 1531 1241 1558 v.
1286 1515 1391 1567 536,
1437 1530 1525 1558 non
1566 1517 1670 1558 orta

152 1587 257 1626 sunt
286 1598 311 1626 e
339 1584 611 1626 Lucretiana
641 1583 949 1639 descriptione
978 1583 1289 1640 pestilentiae;
1324 1584 1401 1626 sed
1431 1584 1504 1626 ubi
1534 1586 1671 1640 poeta

150 1653 335 1696 tristem
355 1655 525 1695 statum
545 1656 778 1695 taurorum
797 1653 954 1695 morbo
975 1652 1242 1694 affectorum
1267 1655 1338 1695 est
1359 1652 1667 1709 descripturus

150 1722 390 1779 (520sqq.)‚
421 1721 462 1763 ei
492 1721 539 1764 in
567 1724 761 1764 mentem
793 1721 919 1763 venit
949 1720 1139 1763 alterius
1169 1720 1260 1763 loci
1290 1720 1550 1764 Lucretiam'
1580 1721 1668 1764 cla-

149 1791 317 1835 rissimi
358 1791 436 1847 (11.
482 1791 692 1847 361sqq.;
736 1790 793 1833 cf.
836 1790 971 1834 Macr.
1017 1789 1144 1846 §6)„
1192 1790 1387 1833 Videtur
1430 1790 1545 1833 enim
1586 1790 1669 1834 hac

151 1860 450 1918 descriptione
494 1859 667 1903 inserta
709 1859 1038 1902 miserationem
1082 1859 1329 1914 legentium
1369 1859 1560 1903 incitare
1591 1874 1668 1902 vo-

148 1929 288 1973 luisse
315 1943 457 1985 neque
496 1929 739 1985 ignorabat
760 1920 862 1971 vfore
878 1961 888 1981 ,
930 1935 981 1971 ut
1038 1943 1062 1971 e
1092 1928 1236 1971 media
1279 1928 1472 1984 imagine
1516 1928 1667 1972 tristis

147 1998 437 2056 pestilentiae
478 1998 671 2055 perbene
712 1997 911 2041 eluceret
941 1997 1302 2041 commemoratio
1334 2011 1548 2041 arvorum
1588 2012 1666 2055 pu-
1735 2025 1742 2031 ·

149 2068 278 2125 rique
320 2068 481 2122 amnis;
525 2067 662 2110 etiam
705 2066 891 2110 Lucreti
934 2081 1092 2110 versus
1127 2066 1265 2123 ‘digni
1307 2081 1405 2110 esse
1451 2067 1493 2110 ei
1537 2067 1661 2111 vide-

148 2138 329 2191 bantur,
358 2151 546 2193 quorum
573 2135 889 2179 amoenitatem
924 2136 1020 2192 ipse
1049 2135 1294 2178 certamine
1324 2135 1514 2192 quodam
1544 2150 1665 2180 asse-

147 2206 226 2263 qui
275 2209 515 2250 conaretur
564 2205 637 2247 vel
687 2219 901 2261 superare
912 2204 978 2259 4⁵).
1055 2204 1267 2248 Ceterum
1318 2205 1421 2247 vide
1435 2238 1445 2257 ,
1496 2208 1667 2261 quanta

147 2277 251 2321 arte
295 2273 522 2332 Vergilius
568 2273 659 2318 suis
703 2272 853 2318 verbis
898 2272 1084 2317 reddere
1130 2272 1368 2317 studuerit
1414 2274 1664 2318 sententias

148 2344 461 2398 Lucretianas;
494 2343 640 2400 figura
669 2342 899 2398 anaphora
927 2342 1057 2398 (non.
1082 2375 1092 2385 .
1122 2357 1213 2385 non
1230 2375 1240 2385 .
1260 2376 1269 2385 .
1300 2342 1406 2399 non)
1436 2343 1665 2400 gradatio—

265 2489 325 2532 45)
363 2487 584 2523 Crediderim
621 2487 819 2532 Vergilium
856 2498 909 2521 vv.
947 2488 1151 2522 520—524
1188 2492 1348 2524 secretos
1385 2489 1577 2533 scripsisse
1613 2489 1659 2524 ad

145 2547 332 2592 exemplar
355 2547 505 2583 Lucreti
538 2551 578 2583 et
603 2546 733 2582 deinde
766 2547 859 2581 hanc
883 2545 1075 2591 imaginem
1109 2546 1206 2582 inter
1231 2559 1284 2582 vv.
1312 2549 1381 2583 519
1407 2551 1444 2583 et
1469 2550 1538 2583 525
1571 2548 1664 2584 inse-

145 2606 273 2642 ruisse.
322 2606 416 2641 Nam
449 2608 487 2642 in
523 2605 821 2642 antecedentibus
857 2605 1019 2640 versibus
1055 2607 1204 2649 ,arator‘
1239 2606 1440 2642 subiectum
1465 2611 1521 2642 est
1555 2617 1663 2643 enun-

145 2665 320 2710 tiationis,
344 2664 448 2710 idem,
485 2666 546 2710 qui
571 2676 745 2710 quaerere
780 2668 902 2709 potest
931 2676 962 2699 v.
989 2666 1079 2699 525:
1114 2664 1199 2708 quid
1234 2665 1339 2700 labor
1373 2669 1436 2700 aut
1469 2665 1665 2702 benefacta

146 2725 300 2759 iuvant?
336 2728 402 2760 etc.
465 2724 536 2760 Sed
569 2725 606 2759 in
641 2724 803 2759 versibus
843 2723 1058 2759 intermissis
1094 2722 1139 2759 de
1173 2724 1271 2759 tauri
1303 2724 1468 2760 sensibus
1501 2723 1664 2769 loquitur

145 2786 256 2828 poeta
287 2787 398 2830 atque
422 2783 513 2821 adeo
539 2795 610 2819 non
646 2787 731 2829 apte
756 2783 939 2818 coniuncti
973 2786 1058 2818 sunt
1088 2793 1212 2819 versus
1239 2794 1319 2819 cum
1353 2783 1663 2828 antecedentibus,

145 2846 186 2878 ut
212 2842 351 2887 credas,
377 2844 556 2888 ,animum‘
584 2844 685 2888 (521)
710 2854 779 2878 non
806 2843 914 2886 tauri,
940 2842 1004 2878 sed
1028 2843 1184 2878 aratoris
1208 2854 1297 2878 esse.

1355 2902 1383 2945 4
