2088 3268
862 136 918 178 53

136 253 337 311 exemplo
378 253 493 297 hunc
531 268 712 297 versum
753 254 948 310 posuit‘).
1023 253 1253 310 Vergilius
1296 254 1412 297 enim
1451 269 1548 297 cum
1596 254 1650 297 de

135 322 292 366 iisdem
336 324 469 367 rebus
510 323 722 374 referret,
764 337 873 380 quas
916 323 1086 366 Ennius
1116 323 1336 375 narravit,
1378 322 1453 366 vel
1495 322 1550 366 de
1592 323 1648 366 si-

133 390 332 434 millimis
365 391 423 434 ad
451 391 573 435 illius
604 392 840 434 verborum
872 391 1100 448 exemplar
1130 406 1209 435 sua
1237 392 1453 435 instituit.

253 464 295 515 1)
327 476 366 505 a.
409 461 446 504 I.
479 461 564 504 530
593 461 665 517 (=
697 460 785 504 III.
820 461 924 514 163)
969 463 1061 505 est
1102 461 1262 505 locus
1307 461 1650 518 Hesperiam

969 530 1097 574 Graii
1128 531 1387 588 cognomine
1417 530 1587 573 dicunt.

249 600 401 657 (Macr.
432 601 457 654 ξ
490 600 562 653 11)
592 600 647 642 Α.
679 599 748 642 23.
794 603 864 643 est
903 599 1026 643 locus
1065 599 1330 657 Hesperiam
1361 614 1492 656 quam
1534 614 1647 642 mor-

132 668 252 713 tales
272 668 582 726 perhibebant.
602 694 658 699 -
679 668 767 711 Illa
787 670 924 712 verba
954 669 1001 711 in
1022 669 1286 721 Annalibus,
1320 672 1371 711 ut
1393 668 1587 722 videtur,
1620 683 1648 712 a

133 742 269 794 poeta
299 737 526 781 referente
561 738 682 781 dicta
713 738 942 793 Vergilius
973 738 1215 781 transtulit
1245 738 1317 780 hic
1347 738 1405 781 ad
1433 741 1647 795 penatum

132 806 405 861 vaticinium,
449 806 542 851 illic
582 807 640 850 ad
668 807 830 852 Ilionei
872 823 965 852 cum
998 807 1172 851 Didone
1218 807 1497 865 colloquium.
1560 807 1648 851 Sed

133 876 308 930 omisso,
339 879 392 919 ut
423 876 550 929 solet,
582 878 839 933 pronomine
869 880 1028 934 ‚quam‘
1060 877 1357 933 cacophonian
1388 877 1547 920 evitat.

250 946 293 1001 2)
326 945 367 1001 (ἓ
399 945 469 1001 12)
501 960 539 989 a.
573 945 704 988 VIII.
736 946 803 989 72.
837 946 1034 1003 Tuque
1067 961 1091 988 o
1124 945 1298 1001 Thybri
1337 948 1434 989 tuo
1463 945 1647 1002 genitor

953 1031 1066 1059 cum
1098 1015 1338 1059 flumine
1370 1018 1584 1059 sancto.

248 1084 305 1128 A.
337 1084 405 1128 54.
438 1085 587 1141 Teque
622 1087 754 1141 pater
785 1084 993 1128 Tiberine
1024 1090 1103 1128 tuo
1143 1098 1239 1127 cum
1267 1085 1445 1127 flumine
1477 1087 1644 1128 sancto.

248 1156 453 1212 Uterque
498 1171 654 1199 versus
700 1155 843 1199 locum
887 1155 1023 1198 habet
1068 1155 1113 1197 in
1158 1155 1415 1211 precatione
1463 1155 1646 1199 Aeneae

131 1225 313 1270 Italiam
366 1225 575 1269 assecuti.
635 1225 718 1282 (De
749 1223 894 1267 Ennio
925 1224 1007 1267 hoc
1037 1224 1322 1282 probavimus
1367 1239 1409 1282 p.
1442 1224 1498 1267 37
1543 1239 1642 1268 ann.

130 1296 196 1337 36.
260 1295 327 1338 Cf.
370 1295 504 1338 etiam
546 1295 600 1337 S:
634 1295 710 1347 ‚sic
740 1294 856 1337 enim
884 1295 1121 1336 invocatur
1150 1294 1196 1335 in
1226 1295 1455 1350 precibus:
1486 1295 1643 1337 adesto

129 1363 342 1407 Tiberine
372 1377 470 1406 cum
499 1363 591 1406 tuis
621 1362 781 1419 undis).

243 1433 286 1488 3)
318 1433 358 1488 (ξ
390 1433 462 1487 13)
492 1446 530 1475 a.
564 1432 695 1475 VIII.
730 1433 813 1474 150
843 1431 1036 1487 accipe
1079 1431 1254 1487 daque
1299 1431 1492 1485 fidem3
1537 1434 1644 1473 sunt

906 1499 1033 1542 nobis
1065 1499 1207 1543 fortia
1236 1500 1354 1543 bello
1383 1503 1582 1557 pectora.

243 1571 299 1614 A.
324 1571 395 1614 32.
417 1570 565 1627 accipe
584 1570 728 1627 daque
750 1569 896 1624 fidem;
929 1569 1085 1612 foedus
1110 1584 1193 1626 que
1214 1569 1301 1613 feri
1323 1571 1432 1613 bene
1452 1569 1641 1613 firmum.

242 1640 313 1682 Ex
344 1639 527 1682 foedere
566 1654 664 1682 cum
693 1639 871 1682 Albano
902 1652 1009 1694 rege
1049 1638 1171 1681 facto
1202 1638 1319 1681 Enni
1358 1640 1496 1682 verba
1527 1638 1644 1682 Ver—

125 1708 260 1764 gilius
277 1708 573 1753 transtulisse
590 1708 770 1751 videtur
786 1707 844 1751 ad
859 1708 1121 1751 societatem
1137 1723 1233 1750 cum
1245 1707 1456 1751 Euandro
1470 1708 1641 1751 initam.

241 1778 286 1833 4)
316 1778 356 1832 (ξ
386 1779 455 1832 15)
488 1792 527 1820 a.
559 1777 629 1820 IX
648 1778 747 1819 422.
807 1777 875 1819 Tu
906 1781 1057 1820 tamen
1086 1778 1261 1820 interea
1293 1777 1477 1820 calido
1507 1777 1641 1819 mihi

787 1845 1064 1901 sanguine
1093 1860 1305 1903 poenas
1337 1846 1580 1902 persolves.

241 1917 296 1959 A.
330 1916 399 1959 99.
460 1915 562 1959 Non
600 1915 676 1972 pol
716 1916 845 1959 homo
888 1915 1120 1972 quisquam
1163 1915 1301 1959 faciet
1328 1915 1506 1972 impune
1546 1916 1642 1959 ani-

1434 1987 1581 2028 matus

239 2055 323 2099 hoc
353 2055 439 2098 nisi
469 2058 544 2098 tu:
576 2069 677 2097 nam
706 2054 767 2096 mi
797 2053 942 2096 calido
974 2053 1052 2096 das
1085 2054 1300 2110 sanguine
1329 2068 1509 2110 poenas.

241 2124 394 2168 Verba
435 2123 615 2167 Romuli
658 2123 845 2166 fratrem
886 2123 1093 2165 necaturi
1135 2122 1367 2179 Vergilius
1408 2123 1489 2166 dat
1531 2123 1640 2166 Vol-

126 2193 270 2236 scenti
311 2194 357 2235 in
386 2193 638 2249 Euryalum
667 2192 876 2235 irruenti.
937 2191 1023 2234 Sed
1062 2192 1176 2235 hanc
1216 2192 1510 2235 elocutionem
1551 2193 1640 2235 fre-

122 2266 390 2320 quentatam
431 2262 570 2306 fuisse
614 2264 663 2306 et
690 2276 829 2319 paene
861 2260 955 2305 sine
984 2260 1236 2305 imitatione
1269 2261 1434 2305 dictam
1464 2261 1639 2305 demon-

123 2334 299 2375 stratur
330 2332 420 2375 alio
451 2332 547 2375 loco
581 2336 636 2386 (a.
654 2332 711 2373 X.
733 2331 856 2387 617):
888 2330 1109 2387 (Turnus)
1141 2331 1426 2388 ‚Teucrisque
1456 2332 1530 2389 pio
1563 2331 1641 2375 det

123 2401 341 2457 sanguine
371 2404 562 2458 poenas‘.
595 2427 650 2433 —
680 2401 829 2445 Etiam
859 2401 936 2444 DS
966 2400 1092 2443 illum
1123 2416 1305 2444 versum
1335 2403 1478 2444 notat.

234 2470 278 2527 5)
309 2471 349 2527 (ξ
389 2471 462 2525 18)
506 2485 544 2514 a.
588 2471 674 2514 528
719 2471 798 2528 <ad
842 2470 1010 2526 Musas>
1053 2473 1101 2514 et
1150 2486 1315 2514 mecum
1363 2473 1637 2527 ingentes

119 2555 250 2584 oras
282 2541 547 2585 evolvite
579 2542 732 2586 belli.

235 2610 292 2653 A.
328 2611 422 2653 174.
470 2611 579 2665 Quis
609 2612 729 2669 potis
759 2612 968 2668 ingentes
1001 2626 1101 2655 oras
1132 2612 1340 2656 evolvere
1370 2612 1492 2656 belli.

239 2678 306 2722 Cf.
352 2679 488 2723 etiam
533 2680 632 2724 DS:
681 2683 764 2734 ‚est
803 2683 953 2725 autem
997 2680 1269 2724 Ennianum:
1312 2682 1387 2738 qui
1430 2716 1467 2723 ..
1500 2681 1637 2725 belli‘.

118 2749 256 2793 Certe
286 2749 521 2807 praeclara
551 2753 685 2794 erant
714 2750 796 2794 illa
815 2751 933 2794 Enni
962 2752 1102 2794 verba
1131 2750 1397 2808 metaphora
1417 2750 1636 2795 audacter

116 2821 391 2874 constructa,
424 2815 694 2877 praesertim
723 2835 820 2864 cum
849 2820 953 2864 libri
983 2819 1052 2864 VI
1083 2820 1313 2864 exordium
1343 2820 1566 2864 facerent.
