2088 3268
890 159 949 217 27

165 274 326 318 Adhuc
367 289 476 331 ergo
516 274 724 318 mulieres
772 273 984 317 similiter
1030 278 1183 329 agunt,
1232 275 1310 318 sed
1356 274 1557 317 diversas
1589 288 1676 316 res.

283 344 339 387 69
351 359 415 401 sq.
474 343 603 398 Quod
633 343 791 387 deinde
823 344 1018 388 carmina
1047 345 1094 387 in
1123 345 1295 388 Lunam
1325 343 1495 401 aliquid
1525 343 1679 387 valere

165 413 276 456 dicit
307 415 355 457 ct
385 413 535 457 Circes
567 413 1025 456 commemorationem
1065 415 1175 457 facit
1218 414 1362 457 Ulixis
1408 413 1547 456 socios
1586 428 1678 454 mu-

166 481 323 535 tantis,
355 482 464 526 haec
494 482 597 525 inde
629 482 847 538 originem
877 482 1054 537 ducunt,
1095 483 1211 540 quod
1241 483 1358 540 apud
1389 481 1677 526 Theocritum

168 568 210 595 v.
246 552 311 594 10.
342 551 471 595 Luna
500 552 747 604 invocatur,
780 554 831 595 ut
860 552 1042 595 intersit
1072 552 1204 605 facto,
1239 556 1285 595 et
1315 568 1357 595 v.
1391 553 1458 594 14.
1507 551 1678 593 Hecate

167 622 370 676 rogatur,
414 623 466 663 ut
495 624 656 674 φίλτρα
700 634 779 662 sua
810 635 897 663 non
925 622 1067 664 minus
1107 621 1260 664 valida
1304 620 1507 663 facienda
1550 623 1678 661 curet

166 704 297 746 quam
329 689 492 733 Circes.

281 759 337 813 [v.
372 758 456 815 71.]
487 774 577 801 non
606 773 630 801 e
661 759 888 802 Theocriti
919 759 1111 802 carmine
1144 761 1286 802 ortus.

282 842 354 871 vv.
377 827 547 870 73—75
578 828 703 871 nulla
733 843 782 872 re
814 830 1065 885 congruunt
1096 843 1192 871 cum
1214 826 1444 870 Theocriti
1476 826 1676 869 versibus

165 896 249 939 nisi
283 897 401 953 quod
428 912 636 941 numerus
667 898 892 941 ternarius
926 899 1130 941 affertur.

283 967 338 1008 77
351 980 414 1022 sq.
446 966 581 1023 Apud
603 966 885 1010 Theocritum
910 982 1041 1010 serva
1062 967 1272 1010 hordeum
1294 981 1507 1023 spargens
1530 966 1677 1008 dicere

166 1035 369 1077 iubetur:
413 1036 464 1076 τὰ
495 1036 720 1090 Δέλφιδος
751 1037 874 1077 ὅστια
913 1037 1078 1078 πάσσω.
1139 1035 1269 1087 Quod
1309 1038 1533 1078 mutatum
1565 1035 1677 1077 Ver-

165 1103 300 1158 gilius
340 1103 407 1146 ita
438 1103 609 1158 reddit,
652 1106 706 1147 ut
737 1118 866 1148 serva
896 1107 991 1147 tres
1034 1106 1269 1147 ternorum
1300 1104 1496 1147 colorum
1537 1103 1675 1147 nodos

166 1174 350 1216 nectens
381 1173 502 1230 loqui
532 1173 762 1217 iubeatur:
797 1173 1002 1227 ,Veneris
1033 1173 1212 1217 vincula
1241 1176 1399 1216 necto‘.

280 1257 321 1285 v.
354 1243 484 1299 80sq.
518 1242 664 1299 [limus
695 1246 747 1285 ut
776 1243 847 1285 hic
877 1242 1090 1299 dure-scit]

280 1315 328 1354 et
347 1311 456 1354 haec
485 1314 537 1355 ut
559 1326 662 1355 cera
682 1312 891 1368 liquescit
922 1313 980 1362 ὡς
999 1319 1160 1355 τοῦτον
1191 1314 1268 1354 τὸν
1288 1313 1425 1366 κηρὸν
1455 1311 1539 1365 ἐγὼ
1561 1311 1676 1353 xoium

284 1380 386 1436 [uno
417 1381 654 1437 eodemque
683 1381 791 1437 igni]

282 1450 345 1492 sic
364 1452 521 1493 nostro
541 1450 740 1507 Daphnis
764 1465 913 1493 amore
943 1451 1002 1500 ὡς
1021 1451 1192 1492 τάκοιθ’
1216 1450 1285 1492 ὑπ’
1311 1452 1471 1503 ἔρωτος
1493 1450 1676 1504 Δέλφις.

245 1577 248 1579 ¹
280 1533 322 1561 v.
354 1518 408 1560 82
440 1533 603 1575 sparge
632 1519 792 1562 molam
822 1519 877 1562 cf.
911 1518 992 1561 Th.
1027 1519 1081 1561 18
1111 1520 1271 1574 ἄλφιτα

282 1587 345 1643 [et
374 1587 553 1644 fragilis
585 1588 766 1631 incende
798 1589 1013 1631 bitumine
1043 1588 1226 1644 laurus}

281 1672 323 1699 v.
355 1657 410 1699 83
441 1657 643 1714 Daphnis
675 1673 742 1700 me
772 1657 915 1699 malus
977 1673 1019 1700 v.
1052 1658 1121 1700 23.
1165 1658 1337 1712 Δέλφις
1379 1657 1438 1711 ἔμ’
1485 1657 1679 1699 ἀνίασεν.

164 1727 276 1782 urit]
321 1741 402 1782 ego
444 1726 555 1769 hanc
597 1726 644 1769 in
682 1726 919 1783 Daphnide
979 1727 1063 1780 ἐγὼ
1095 1726 1131 1768 δ’
1179 1725 1249 1769 ἐπὶ
1281 1725 1474 1780 Δέλφιδι
1505 1727 1680 1781 δάφναν

164 1795 341 1837 laurum
976 1800 1105 1837 αἴθω.

282 1881 322 1907 v.
355 1864 524 1908 85—89
555 1864 613 1907 cf.
645 1864 726 1906 Th.
758 1864 818 1907 II.
851 1865 1011 1921 48sqq.
1074 1863 1163 1908 Sed
1194 1864 1448 1921 Vergilius,
1493 1864 1569 1921 qui
1612 1863 1680 1908 hic

166 1934 354 1977 Latinos
396 1936 551 1990 poetas
583 1933 857 1989 (Lucretium
889 1936 936 1976 et
966 1933 1173 1988 Varium)
1215 1934 1431 1989 sequitur,
1463 1934 1575 1975 nihil
1606 1934 1679 1975 de-

169 2006 274 2047 bere
304 2003 485 2046 videtur
516 2002 758 2046 Theocrito
790 2002 878 2046 nisi
910 2002 1255 2058 comparationis
1288 2017 1475 2046 sensum.

283 2088 324 2115 v.
357 2072 424 2114 91.
468 2072 548 2114 has
591 2070 696 2113 olim
741 2072 925 2115 exuvias
969 2071 1079 2113 mihi
1119 2072 1318 2128 perfidus
1364 2072 1441 2114 ille
1483 2072 1679 2128 reliquit.

167 2142 305 2185 aliter
336 2141 418 2184 Th.
449 2142 518 2184 53.
561 2140 673 2183 τοῦτ’
708 2141 793 2183 ἀπὸ
833 2147 909 2191 τᾶς
948 2144 1128 2196 χλαίνας
1168 2143 1217 2183 τὸ
1258 2141 1508 2196 κράσπεδον
1548 2142 1681 2183 ὤλεσε

170 2211 353 2266 Δέλφις.

283 2280 338 2324 92
352 2295 414 2338 sq.
457 2279 661 2338 [pignora
702 2292 805 2322 cara
846 2279 944 2335 sui].
1006 2293 1117 2336 quae
1155 2294 1271 2322 nunc
1316 2294 1397 2335 ego
1442 2279 1600 2329 limine-
1636 2278 1682 2321 in

169 2351 266 2406 ipso
297 2353 463 2394 terra
495 2350 582 2393 tibi
610 2349 768 2392 mando
800 2348 981 2405 [debent
1011 2349 1118 2392 haec
1148 2349 1341 2406 pignora
1370 2349 1624 2406 Daphnim].

213 2440 216 2443 >
285 2420 423 2464 aliter
454 2419 534 2463 Th.
568 2419 643 2461 54:
686 2418 783 2473 ὡγὼ
813 2424 898 2461 νῦν
938 2421 1136 2461 τίλλοισα
1176 2418 1266 2460 κατ’
1311 2419 1449 2474 ἀγρίω
1490 2418 1538 2460 ἐν
1577 2417 1681 2472 πυρὶ

169 2491 329 2545 βάλλω.

287 2560 375 2614 [vv.
408 2558 596 2614 95—99]
629 2573 717 2601 non
748 2572 770 2600 e
802 2556 1028 2600 Theocriti
1057 2556 1264 2598 carmine.

241 2643 244 2645 ·
287 2629 527 2670 101—103.
568 2643 655 2670 non
684 2629 779 2670 tam
818 2626 875 2669 ad
915 2625 1141 2681 exemplar
1184 2640 1394 2668 versuum
1424 2625 1505 2668 Th.
1537 2626 1596 2668 Π.
1628 2626 1683 2668 59

170 2711 302 2753 quam
332 2696 504 2740 XXIV.
536 2697 605 2739 91.

288 2766 529 2809 105-109.
590 2766 629 2808 E
661 2764 891 2809 Theocriti
921 2763 1114 2807 carmine
1144 2762 1256 2804 nihil
1284 2763 1373 2805 nisi
1401 2762 1530 2805 haec:

288 2837 374 2879 105
404 2837 624 2893 corripuit
655 2839 813 2892 sponte
845 2850 924 2878 sua
951 2838 957 2889 ἰ
984 2834 1064 2877 Th.
1098 2835 1165 2878 25.
1197 2835 1436 2888 κήξαπίνας
1467 2834 1605 2888 ἅφθη.
