2088 3268
931 181 987 223 75

203 295 313 350 loco,
346 310 443 339 cum
472 296 527 340 de
558 296 709 340 eadem
741 311 790 339 re
825 295 1046 347 referret,
1089 294 1233 337 altero
1277 309 1373 337 cum
1412 293 1499 336 loci
1544 295 1722 336 tantum

203 365 369 408 similes
401 368 562 409 essent.

321 434 516 478 Similem
565 435 774 477 rationen
823 432 1131 475 intercessisse
1181 432 1431 489 ponendum
1480 434 1551 474 est
1601 431 1722 474 inter

205 502 454 558 Vergilium
498 506 543 545 et
576 501 876 548 Cornelium
908 500 1137 554 Gallum,
1188 501 1257 544 cui
1298 501 1378 543 ille
1419 501 1556 543 etiam
1599 500 1717 542 dedi-

202 571 326 614 cavit
356 571 552 628 eclogam
573 570 630 612 X.
675 570 829 626 Neque
851 571 1003 625 potest
1026 569 1237 622 dubitari⁷
1271 570 1378 626 quin
1397 570 1444 612 in
1463 569 1547 612 hac
1568 569 1722 624 ecloga

202 639 376 697 aliquot
400 654 577 683 ,versus
611 638 733 681 Galli
764 638 891 682 modo
931 653 1010 681 suo
1054 638 1331 692 laudaverit;
1379 638 1490 681 dicit
1528 638 1643 681 enim
1675 637 1719 680 S.

202 710 271 753 ad.
304 726 347 754 v.
379 711 437 753 46
465 724 545 752 nec
583 709 646 752 sit
675 707 783 751 mihi
814 709 997 752 credere
1026 711 1228 752 tantum:
1278 708 1336 762 ‚hi
1379 710 1529 751 autem
1572 722 1719 750 omnes

205 793 363 822 versus
394 778 518 822 Galli
550 780 666 830 sunt,
701 778 754 820 de
785 778 924 835 ipsius
956 778 1175 821 translati
1204 778 1501 820 carminibus‘.

316 847 392 890 Ad
434 850 543 904 quot
586 862 744 890 versus
785 847 1043 904 pertineant
1076 847 1208 890 Servi
1245 848 1385 890 verba
1426 846 1608 889 difficile
1651 848 1722 888 est

203 919 429 969 statuere,
462 931 560 959 cum
589 916 742 959 varius
775 917 838 959 sit
869 931 972 959 usus
1006 916 1284 959 scholiorum.
1348 916 1435 959 Sed
1466 930 1645 959 carmen
1675 916 1722 958 in

202 1000 373 1028 conexu
402 985 657 1042 inspicienti
686 985 918 1042 probabile
950 988 1019 1028 est
1041 985 1247 1028 Servium
1277 984 1391 1027 illud
1421 999 1509 1027 non
1540 984 1595 1027 de
1625 984 1721 1040 plu-

207 1055 330 1098 ribus
363 1055 567 1098 versibus
599 1054 805 1110 intellegi
835 1054 953 1098 velle
984 1069 1115 1110 quam
1145 1054 1199 1097 de
1221 1054 1412 1111 quinque
1439 1070 1512 1097 vv.
1535 1053 1719 1096 44—49.

204 1123 291 1179 (Cf.
325 1124 437 1175 Leo,
484 1124 635 1166 Herm.
677 1122 921 1177 XXXVII,
956 1123 1022 1165 18.
1096 1123 1165 1166 De
1210 1137 1391 1165 numero
1438 1137 1648 1166 versuum
1680 1138 1718 1163 v.

202 1207 340 1249 supra
370 1209 411 1250 p.
445 1194 500 1236 62
531 1208 631 1237 ann.
664 1193 751 1248 55.)
800 1192 896 1236 Nec
926 1195 1077 1248 potest
1108 1193 1319 1245 dubitari,
1353 1193 1458 1249 quin
1491 1192 1721 1249 Vergilius

203 1263 342 1306 etiam
377 1263 457 1306 hoc
485 1263 581 1306 loco
605 1262 780 1305 eosdem
801 1261 911 1304 fines
935 1261 1020 1304 sibi
1038 1261 1244 1318 posuerit
1264 1264 1399 1318 atque
1417 1261 1720 1305 intelleximus

202 1332 249 1374 in
283 1332 446 1375 ceteris
479 1332 624 1388 poetis
657 1331 833 1374 Latinis
865 1330 1114 1383 imitandis,
1157 1330 1289 1374 Servi
1327 1331 1469 1387 igitur
1501 1331 1554 1373 de
1587 1330 1721 1373 Gallo

202 1402 344 1444 verba
374 1416 462 1444 non
494 1400 593 1458 plus
627 1400 811 1443 valeant
843 1413 973 1456 quam
1004 1399 1059 1442 de
1089 1398 1322 1452 Lucretio,
1353 1400 1547 1454 Naevio,
1582 1400 1721 1443 Calvo

202 1496 259 1501 —-
290 1472 344 1513 ut
381 1470 500 1513 locos
541 1471 749 1522 afferam,
795 1469 871 1511 ubi
911 1469 1129 1511 similibus
1162 1469 1311 1513 verbis
1353 1471 1500 1512 utitur
1540 1469 1721 1512 Servius

202 1541 339 1596 atque
369 1539 451 1582 hoc
480 1538 576 1582 loco
608 1554 684 1589 --;
729 1553 864 1580 unum
905 1539 1092 1581 concedo
1127 1539 1378 1594 Vergilium
1419 1554 1515 1581 cum
1556 1538 1721 1595 optime

201 1608 410 1664 intellegi
437 1608 579 1652 vellet
610 1623 656 1651 se
686 1608 871 1652 laudare
903 1609 1032 1651 amici
1053 1623 1222 1661 versus,
1253 1608 1325 1651 hic
1354 1608 1448 1651 illic
1474 1609 1722 1665 perspicuis

203 1677 357 1721 verbis
381 1677 454 1719 vel
475 1677 610 1720 etiam
632 1680 732 1721 toto
755 1692 891 1721 versu
913 1677 1140 1721 translato
1163 1678 1445 1734 discerptove
1465 1680 1518 1721 ut
1534 1678 1724 1721 Varium

203 1746 269 1790 sic
299 1746 480 1790 Gallum
500 1746 804 1789 honoravisse.
858 1746 1013 1804 Neque
1042 1761 1148 1803 ergo
1165 1746 1419 1803 Vergilium
1440 1747 1723 1790 hexametros

204 1816 324 1873 apud
371 1815 550 1860 Gallum
595 1817 801 1860 inventos
847 1819 971 1860 totos
1017 1816 1311 1860 transtulisse
1356 1817 1605 1873 ponendum
1653 1820 1723 1861 est

204 1900 345 1943 neque
366 1885 558 1929 disticha
578 1886 842 1942 simpliciter
871 1886 917 1928 in
938 1886 1223 1929 hexametros
1245 1886 1490 1928 mutavisse
1510 1886 1723 1939 (Skutsch

203 1956 234 1998 1.
265 1956 294 1998 l.
325 1971 367 2012 p.
390 1957 476 2010 24),
509 1956 597 2009 sed,
629 1959 680 1998 ut
713 1956 842 2009 solet,
874 1956 1112 2012 perspicua
1133 1955 1383 1999 imitatione
1405 1971 1544 1999 novos
1565 1971 1721 1999 versus

205 2024 400 2068 finxisse.
474 2024 605 2068 Servi
661 2024 804 2080 igitur
856 2024 1163 2068 testimonium
1210 2039 1305 2067 cum
1351 2024 1452 2068 aliis
1505 2025 1722 2069 similibus

204 2094 548 2150 comparandum
592 2096 683 2145 est,
744 2096 793 2135 ut
840 2093 947 2149 quid
986 2093 1140 2137 valeat
1181 2094 1356 2136 eluceat
1373 2093 1436 2147 61).
1508 2093 1722 2149 (Skutsch

204 2163 233 2206 l.
262 2163 291 2205 1.
324 2178 365 2221 p.
397 2162 481 2219 25).

609 2285 652 2335 b)
699 2284 763 2328 de
794 2284 984 2340 poetis
1017 2284 1314 2328 scaenicis.

327 2368 494 2412 Multas
517 2367 666 2424 operis
689 2369 757 2411 sui
778 2368 892 2425 epici
915 2368 1162 2411 sententias
1196 2369 1303 2425 quin
1321 2368 1542 2425 Virgilius
1565 2369 1724 2412 debeat

205 2438 484 2494 tragicorum
522 2440 755 2495 poetarum
799 2437 945 2480 studio
992 2452 1081 2479 non
1125 2440 1281 2494 potest
1328 2438 1539 2481 dubitari.
1600 2438 1723 2491 Quae

205 2508 383 2551 tradita
428 2510 533 2551 sunt
574 2508 629 2550 de
666 2507 748 2550 hac
787 2522 860 2560 re,
910 2522 1025 2549 nunc
1068 2507 1368 2564 inspiciamus.
1444 2509 1539 2551 Iam
1586 2508 1725 2551 locuti

326 2627 387 2669 61)
412 2626 490 2661 Hac
516 2624 560 2661 de
585 2636 695 2661 causa
721 2625 1005 2669 comparavimus
1040 2625 1139 2660 locos
1175 2629 1336 2670 tantum,
1374 2636 1462 2670 quos
1504 2626 1725 2668 ‚translatos‘

209 2694 289 2719 esse
315 2684 453 2720 scholia
478 2685 619 2728 dicunt3
659 2695 740 2728 non,
768 2688 809 2718 ut
833 2684 901 2718 hoc
927 2683 1087 2727 afferam,
1115 2685 1314 2719 Varronem
1343 2685 1555 2728 Atadnum,
1585 2685 1630 2720 de
1656 2696 1725 2728 quo

207 2742 289 2778 aliis
315 2743 435 2779 verbis
458 2744 575 2779 utitur
601 2744 697 2779 Serv.
726 2742 772 2777 ad
797 2754 829 2787 g.
849 2743 874 2778 1.
903 2744 971 2778 375
1009 2745 1055 2786 (v.
1083 2755 1116 2788 p.
1149 2745 1222 2787 84).
1277 2743 1328 2778 Cf.
1350 2744 1469 2787 etiam,
1497 2754 1590 2787 quae
1616 2744 1724 2778 verba

206 2801 320 2836 faciat
346 2802 490 2838 Servius
516 2802 563 2837 ad
587 2814 618 2837 a.
646 2803 689 2838 Χ.
716 2804 784 2837 396
811 2801 854 2837 de
879 2812 986 2836 versu
1011 2803 1203 2846 integro
1230 2803 1430 2837 aVarrone
1457 2813 1500 2837 ex
1525 2801 1725 2836 Annalibus

206 2862 397 2898 translato.
