2088 3268
940 202 994 244 73

215 317 486 360 translatum
529 333 625 361 esse
668 335 721 361 ex
755 318 884 361 Calvi
926 317 996 359 Io:
1043 314 1130 368 ‚Ah
1171 314 1301 372 virgo
1340 314 1519 368 infelix,
1575 312 1726 356 herbis

215 387 413 443 pasceris
446 388 645 443 amaris‘3
674 390 917 444 >praeterea

329 472 364 500 e.
382 457 559 500 V111.4
580 463 625 500 et
647 461 823 500 mutata
845 471 946 499 suos
969 471 1026 498 re
1043 471 1066 511 q
1081 455 1316 497 uierunt
1335 455 1517 497 flumina
1538 468 1724 497 cursus

215 525 423 569 similiter
453 527 618 570 dictum
651 541 747 569 esse
780 531 915 582 atque
945 525 1023 567 Ius
1054 524 1187 567 illud:

329 595 406 639 Sol
437 611 609 653 quoque
638 598 882 652 perpetuos
914 595 1115 637 meminit
1144 595 1426 651 requiescere
1458 608 1628 636 cursus.

329 664 395 707 Cf.
429 664 624 707 Skutsch
656 663 815 707 Gallus
847 679 887 705 u.
916 662 1080 719 Vergil
1108 678 1150 720 p.
1183 665 1251 706 55.

327 734 426 777 Huc
456 734 671 777 accedunt
703 732 870 776 scholia
900 733 1147 775 Bernensia
1177 733 1233 775 ad
1263 747 1305 788 g.
1338 732 1398 774 Π.
1432 732 1504 773 94;

327 797 478 860 (vitis)
507 805 816 859 temptatum
855 803 1026 859 pedes
1069 803 1172 845 olim
1203 802 1469 857 victuraque
1509 801 1720 855 linguam.

213 872 307 927 ‚hoc
353 889 509 918 versus
556 873 609 917 de
656 873 794 917 Calvo
844 875 979 929 poeta
1022 872 1287 926 transtulit;
1349 872 1416 914 ait
1461 870 1575 914 enim
1620 868 1719 912 ille:

211 944 386 997 »lingua
402 944 506 985 vino
527 945 839 998 temptantura
870 945 916 984 et
935 942 1119 998 pedes«‘.
1165 941 1407 997 Per-spicue
1437 940 1581 995 igitur
1613 938 1725 980 allu-

212 1011 281 1055 dit
301 1011 531 1069 Vergilius
563 1011 619 1054 ad
652 1010 781 1055 Calvi
804 1013 953 1055 verba.
1006 1011 1093 1055 Sed
1122 1010 1237 1063 vide,
1271 1024 1401 1066 quam
1432 1007 1723 1051 immoderate

211 1080 377 1122 dictum
409 1082 470 1123 sit
500 1081 632 1122 illud:
668 1080 778 1133 ‚hos
810 1095 1011 1122 versus
1032 1080 1302 1131 transtulit‘‚
1336 1093 1432 1120 cum
1462 1092 1566 1119 uno
1589 1091 1725 1119 versu

210 1151 388 1206 poetam
420 1149 548 1193 Calvi
580 1149 850 1193 sententiam
880 1149 1102 1192 imitatum
1135 1163 1232 1191 esse
1261 1151 1496 1205 appareat.

324 1219 420 1261 Iam
448 1218 635 1263 Varius
676 1222 722 1261 et
760 1218 1066 1261 Cornelius
1099 1217 1301 1261 Gallus
1334 1219 1439 1259 sunt
1469 1216 1514 1257 in
1547 1216 1724 1271 Vergili

212 1288 463 1345 aequalium
511 1289 647 1344 atque
701 1288 939 1331 amicorum
991 1302 1185 1330 numero.
1261 1287 1312 1329 L.
1358 1286 1526 1329 Varius
1572 1285 1720 1328 Rufus

210 1371 386 1400 carmen
418 1358 587 1413 epicum
610 1357 795 1414 scripsit
818 1357 1002 1400 Caesari
1024 1357 1287 1409 dedicatum,
1323 1357 1438 1412 quod
1459 1355 1722 1399 inscribitur

211 1427 277 1479 ‚de
308 1427 483 1468 Morte‘.
547 1426 675 1479 Quod
707 1440 881 1468 carmen
913 1426 1127 1482 quomodo
1148 1426 1377 1481 Vergilius
1410 1425 1614 1467 imitatus
1646 1424 1719 1476 sit,

208 1496 463 1552 perspicere
492 1495 599 1537 licet
628 1510 683 1537 ex
713 1496 767 1536 iis
799 1495 921 1547 locis,
952 1505 1060 1551 quos
1092 1495 1342 1537 Macrobius
1376 1494 1473 1549 (VJ.
1507 1494 1541 1535 Ι.
1574 1495 1623 1547 §3¹
1656 1494 1722 1545 19,

210 1566 278 1618 20,
311 1565 377 1607 39.
411 1564 484 1620 40)
517 1566 720 1607 servatos
752 1564 976 1620 componit
1006 1579 1104 1606 cum
1136 1563 1311 1619 Vergili
1345 1564 1563 1605 versibus.

326 1634 368 1688 1)
400 1634 440 1689 (ξ
474 1633 544 1687 19)
575 1648 617 1689 g.
650 1633 736 1675 ΠΙ.
773 1634 867 1675 115.
900 1633 1049 1675 Frena
1078 1632 1357 1675 Pelethronii
1387 1632 1607 1688 Lapithae
1638 1646 1721 1687 gy-

1311 1717 1472 1758 rosque
1503 1701 1666 1744 dedere

325 1770 522 1826 impositi
553 1770 683 1813 dorso
715 1773 850 1826 atque
881 1771 1076 1826 equitem
1108 1770 1313 1812 docuere
1346 1772 1424 1812 sub
1456 1770 1592 1812 armis

325 1839 623 1882 insultare
654 1838 774 1881 solo
807 1842 854 1882 et
882 1854 1066 1895 gressus
1098 1838 1349 1894 glomerare
1383 1840 1610 1895 superbos.

210 1909 401 1952 Varius:
435 1908 574 1962 Quem
604 1923 692 1950 non
720 1908 799 1951 ille
832 1907 939 1951 sinit
960 1908 1110 1951 lentae
1131 1908 1388 1951 moderator
1410 1908 1607 1951 habenae

325 1993 411 2035 qua
442 1978 557 2021 velit
587 1978 666 2031 ire,
701 1978 779 2021 sed
809 1981 998 2035 angusto
1029 1979 1154 2035 prius
1188 1994 1265 2021 ore
1298 1993 1504 2021 coercens

325 2047 546 2090 insultare
577 2047 707 2089 docet
738 2047 902 2102 campis
934 2047 1153 2103 fingitque
1182 2047 1397 2089 morando
1430 2081 1438 2088 .
1464 2081 1471 2088 .

211 2115 413 2160 Imitatio
452 2115 662 2172 proditur
702 2115 890 2158 maxime
922 2117 1058 2158 verbo
1103 2115 1363 2169 ,insultare‘.
1427 2115 1515 2159 Sed
1555 2117 1724 2172 partim

213 2185 397 2229 eundem
444 2199 617 2227 sensum
662 2185 790 2228 novis
837 2185 982 2237 verbis
1015 2185 1227 2241 exprimit
1257 2185 1512 2240 Vergilius,
1557 2186 1724 2242 partim

209 2269 326 2298 nova
356 2253 506 2297 adicit.

325 2323 368 2378 2)
400 2322 440 2377 (ς
471 2322 543 2376 20)
574 2337 607 2364 6.
641 2323 770 2364 VIII.
804 2324 859 2364 85
891 2323 1014 2365 Talis
1054 2337 1178 2365 amor
1206 2323 1419 2380 Daphnin
1450 2325 1595 2381 qualis
1627 2340 1725 2367 cum

1283 2393 1405 2437 fessa
1435 2394 1668 2437 iuvencum

324 2476 405 2518 per
435 2475 614 2503 nemora
644 2463 779 2516 atque
811 2461 927 2503 altos
959 2463 1212 2517 quaerendo
1246 2464 1405 2507 bucula
1438 2464 1558 2507 lucos

324 2532 511 2586 propter
542 2544 681 2586 aquae
713 2530 855 2573 rivum
888 2530 1026 2573 viridi
1056 2532 1308 2587 procumbit
1337 2533 1383 2574 in
1414 2533 1520 2576 ulva

323 2599 555 2655 perdita
598 2613 701 2641 nec
744 2614 906 2641 serae
943 2600 1203 2643 meminit
1236 2602 1520 2644 decedere
1551 2603 1723 2645 nocti.

216 2667 400 2710 Varius:
435 2667 526 2709 Ceu
555 2667 675 2710 canis
697 2669 947 2710 umbrosam
969 2668 1170 2712 lustrans
1194 2669 1425 2725 Gortynia
1446 2671 1611 2713 vallem

327 2736 364 2779 si
395 2736 563 2779 veteris
596 2736 746 2793 potuit
777 2751 938 2780 cervae
968 2739 1285 2794 comprendere
1315 2740 1464 2783 lustra

327 2805 474 2848 saevit
503 2805 550 2847 in
581 2807 812 2849 absentem
843 2809 890 2849 et
920 2806 1085 2850 circum
1115 2808 1307 2864 vestigia
1340 2809 1539 2852 lustrans

326 2874 514 2918 aethera
543 2889 624 2931 per
654 2875 846 2918 nitidum
874 2878 1033 2920 tenues
1065 2880 1265 2920 sectatur
1298 2878 1455 2921 odores
