2088 3268
1132 192 1188 236 68

401 306 490 351 Sed
532 306 734 352 Lucilius
781 307 926 351 locum
973 322 1100 350 suum
1150 307 1204 350 de
1253 306 1432 351 silentio
1474 307 1628 351 mundi
1667 307 1922 351 instituisse

401 378 585 421 videtur
634 378 689 421 ad
747 378 864 419 Enni
911 377 1130 434 Scipionis
1178 378 1446 433 exemplum,
1492 377 1727 435 Vergilius
1772 380 1923 421 autem

400 448 544 505 magis
588 447 769 490 videtur
822 446 946 504 sequi
998 446 1241 501 Lucilium,
1288 450 1466 505 poetam
1508 446 1804 504 dactylicum,
1852 449 1920 491 cui

401 518 602 559 fortasse
634 517 854 559 orationis
884 517 1032 573 prima
1064 519 1204 559 verba
1234 517 1379 567 debet,
1412 530 1525 573 quae
1556 519 1685 558 sunt:
1719 518 1921 573 ,accipite

400 601 509 642 ergo
542 585 728 629 animis‘.
782 584 925 642 Saepe
947 585 1063 629 enim
1084 585 1307 630 lemmatis
1329 586 1481 640 verba,
1513 584 1570 629 ad
1600 599 1714 643 quae
1736 584 1920 629 Servius

399 655 516 697 tales
548 655 863 697 adnotationes
894 655 1116 711 applicat,
1156 655 1346 697 maxime
1388 655 1615 712 exemplar
1654 655 1699 697 in
1729 658 1921 698 mentem

399 728 627 770 revocant.

515 795 815 838 Confirmatur
847 795 1036 853 denique
1076 795 1185 838 haec
1214 798 1378 838 nostra
1408 797 1633 839 sententia
1665 799 1920 852 comparato

397 864 476 906 illo
505 864 602 906 loco
630 864 898 906 Lucretiano
933 866 996 919 (g.—
1010 863 1099 905 III.
1117 864 1203 907 289
1218 879 1311 920 sqq.
1330 887 1382 899 rx-
1399 864 1449 906 L.
1482 865 1519 906 I.
1542 865 1760 921 922sqq.),
1793 880 1922 921 quem

399 933 696 976 tractavimus
728 948 865 990 supra
896 948 937 989 p.
967 933 1049 987 43,
1093 933 1155 975 ibi
1196 933 1312 976 enim
1353 933 1563 977 similiter
1596 933 1778 977 Servius
1810 934 1923 977 dicit

398 1003 456 1046 ad
481 1002 688 1045 ultimum
709 1016 886 1046 versum
908 1003 1014 1044 293:
1050 1002 1134 1056 ,hic
1164 1005 1314 1046 autem
1340 1003 1463 1046 locus
1484 1005 1610 1046 totus
1634 1003 1689 1046 de
1708 1003 1920 1047 Lucretio

397 1072 652 1115 translatus
688 1074 785 1122 est‘,
820 1085 933 1129 quae
963 1073 1104 1115 verba
1134 1073 1367 1130 pertinent
1397 1072 1454 1115 ad
1485 1072 1528 1115 V
1559 1086 1717 1116 versus
1749 1078 1921 1116 antece-

397 1143 555 1185 dentes
599 1143 672 1198 (cf.
707 1142 750 1185 S.
784 1142 840 1185 ad
870 1158 913 1198 g.
946 1142 982 1184 Ι.
1016 1143 1130 1198 175).
1173 1143 1301 1186 Unde
1334 1143 1490 1196 etiam,
1543 1142 1687 1199 qualis
1737 1143 1798 1186 sit
1841 1143 1921 1187 illa

397 1202 656 1263 translatio,
688 1210 985 1254 intellexeris.
1047 1210 1192 1254 Sensu
1221 1211 1365 1266 igitur
1397 1211 1554 1254 scholii
1585 1214 1708 1254 recte
1738 1215 1919 1268 accepto

399 1283 447 1322 et
479 1280 694 1336 inquisito
734 1295 823 1322 non
863 1280 1042 1332 dubito,
1090 1280 1197 1336 quin
1236 1280 1406 1337 aliquid
1436 1281 1531 1324 veri
1575 1282 1804 1324 contineat
1841 1296 1921 1323 nec

396 1349 456 1392 sit
502 1348 794 1406 compositum
825 1363 852 1392 a
883 1348 1110 1392 furtorum
1154 1349 1374 1406 scriptore
1418 1349 1576 1404 (Marii,
1609 1365 1652 1407 p.
1683 1350 1750 1404 3),
1791 1348 1920 1406 'prae-

397 1418 555 1462 sertim
589 1434 686 1460 cum
717 1421 876 1460 auctor
909 1418 1067 1460 scholii
1099 1418 1260 1460 iudicio
1293 1434 1382 1460 non
1414 1418 1620 1461 videatur
1652 1433 1824 1470 carere,
1869 1423 1920 1460 ut

396 1487 497 1544 qui,
549 1487 657 1544 quid
706 1486 936 1543 indignum
989 1486 1049 1530 sit
1098 1486 1236 1530 heroo
1259 1492 1262 1495 “
1287 1487 1503 1540 carmine,
1556 1487 1823 1531 sentientem
1873 1503 1919 1530 se

395 1559 624 1613 praebeat.
1273 1614 1275 1617 ·

935 1624 984 1670 4.
1046 1625 1125 1670 De
1155 1625 1367 1671 Naevio.
1408 1625 1412 1629 ’

513 1694 658 1737 Naevi
689 1708 867 1737 carmen
899 1694 1069 1750 epicum
1110 1696 1157 1737 et
1194 1695 1249 1737 ab
1281 1694 1427 1737 Ennio
1467 1695 1514 1736 in
1555 1710 1682 1737 usum
1713 1697 1919 1738 vocatum

395 1767 443 1805 et
477 1778 505 1806 a
536 1763 748 1806 Cicerone
777 1763 930 1819 magni
959 1763 1249 1805 aestimatum
1280 1778 1376 1806 esse
1407 1764 1608 1806 novimus
1630 1778 1652 1806 e
1675 1764 1761 1806 Cic.
1787 1764 1917 1807 Brut.

400 1833 468 1874 75.
533 1831 809 1888 Quamquam
851 1831 995 1887 igitur
1038 1831 1220 1874 dubium
1260 1847 1351 1874 non
1398 1833 1493 1885 est,
1541 1832 1647 1888 quin
1688 1832 1917 1888 Vergilius

396 1916 572 1958 quoque
603 1901 751 1945 Naevi
783 1915 921 1958 opera
951 1902 1214 1958 inspexerit,
1259 1905 1410 1944 tamen
1440 1898 1582 1958 neque
1614 1902 1916 1958 singularibus

395 1970 661 2022 nominibus,
695 1984 810 2027 quae
840 1969 1095 2013 Macrobius
1128 1970 1225 2024 (VI.
1257 1971 1284 2013 8
1316 1974 1362 2013 et
1395 1971 1437 2027 9)
1469 1985 1493 2014 e
1523 1970 1696 2014 Naevio
1728 1970 1918 2028 aliisque

393 2040 539 2095 poetis
563 2040 715 2091 affert,
748 2039 831 2081 hoc
862 2039 973 2081 satis
996 2039 1336 2082 demonstratur
1356 2054 1498 2096 neque
1528 2054 1616 2082 uno
1640 2040 1916 2083 hemistichio

393 2123 431 2151 e.
465 2108 628 2150 111.49
678 2122 929 2164 ,numquam
973 2107 1106 2151 hodie
1130 2108 1345 2164 effugies‘,
1395 2108 1512 2165 quod
1542 2124 1565 2151 0
1585 2108 1732 2151 Naevi
1777 2108 1916 2166 ,Equo

393 2178 605 2221 Troiano‘
653 2184 876 2234 sumptum
924 2193 1021 2220 esse
1069 2178 1323 2220 Macrobius
1371 2179 1469 2233 (VI.
1503 2179 1541 2221 1.
1574 2178 1646 2234 38)
1691 2180 1915 2222 testatur:

391 2247 473 2290 illa
506 2247 622 2291 enim
652 2261 732 2303 per
764 2246 877 2290 alios
907 2249 1065 2304 poetas
1107 2247 1164 2290 ad
1194 2246 1450 2302 Vergilium
1482 2247 1656 2291 tradita
1687 2262 1784 2291 esse
1815 2262 1916 2303 pro·

393 2317 586 2360 habilius
619 2323 709 2370 est,
743 2318 881 2360 verba
910 2316 972 2359 sic
994 2317 1253 2359 coniuncta:
1288 2331 1538 2372 ,numquam
1557 2316 1702 2359 hodie‘
1726 2317 1918 2359 sermoni

391 2386 535 2429 latino
580 2386 872 2443 frequentata
915 2388 986 2429 est
1030 2386 1197 2429 locutio
1248 2386 1320 2440 (cf.
1352 2385 1627 2429 Brix-Niem.
1670 2385 1729 2428 ad
1766 2385 1914 2429 Plaut.

394 2455 510 2498 Men.
547 2455 689 2509 1010).
752 2454 840 2498 Sed
870 2455 1121 2512 ponendum
1153 2457 1225 2498 est
1246 2454 1500 2510 Vergilium
1531 2455 1606 2497 ubi
1637 2454 1814 2497 easdem
1843 2469 1915 2497 res

390 2527 605 2568 narraret
624 2524 814 2576 ,Bellum
829 2523 1057 2567 Punicum‘
1077 2524 1162 2567 sibi
1183 2523 1386 2581 posuisse
1408 2523 1647 2580 exemplar.
1692 2523 1742 2566 F.
1761 2524 1917 2567 Noack

393 2594 565 2649 (Herm.
586 2592 784 2636 XXVII.
816 2608 856 2650 p.
872 2594 957 2636 435
969 2608 1062 2650 sqq.
1103 2594 1187 2636 Die
1210 2597 1333 2636 erste
1355 2592 1521 2635 Aeneis
1540 2592 1757 2649 Vergils.)
1780 2593 1916 2636 etiam

393 2663 706 2706 demonstrare
749 2667 939 2706 conatur
984 2663 1236 2720 Vergilium
1284 2662 1329 2704 in
1371 2662 1651 2719 gravissimis
1697 2662 1915 2706 librorum

394 2733 429 2786 I,
453 2732 536 2785 IV,
559 2732 630 2775 VI
652 2733 785 2776 rebus
809 2734 856 2775 et
885 2733 931 2774 in
960 2733 1047 2775 fine
1080 2733 1186 2775 libri
1208 2732 1269 2774 II.
1294 2732 1439 2775 Naevi
1461 2732 1654 2788 vestigia
1675 2732 1913 2788 pressisse:

394 2802 482 2854 ,die
515 2801 782 2858 eigentliche
812 2801 1042 2859 poetische
1073 2802 1337 2857 Erfindung,
1370 2801 1451 2844 der
1482 2801 1809 2857 schopferische
1829 2801 1914 2845 Ge—

391 2864 539 2914 danke
579 2872 708 2924 aber,
747 2871 829 2914 mit
868 2871 968 2913 dem
1008 2871 1085 2914 des
1117 2870 1311 2914 Werkes
1353 2872 1504 2914 hester
1536 2870 1635 2913 Tei]
1675 2870 1809 2913 scbon
1839 2884 1915 2927 ge-
