2088 3268
896 209 922 249 9

150 335 294 379 neque
338 325 411 366 est
454 324 606 379 magni
649 322 862 366 momenti
900 322 1099 365 auctoris
1139 336 1296 365 nomen
1326 322 1525 374 novisse,
1569 335 1666 364 cum

150 390 283 435 facile
312 392 457 449 quivis
487 392 616 437 homo
648 392 852 436 eruditus
882 391 975 435 tale
1007 406 1117 448 opus
1138 391 1419 435 conscribere
1449 390 1663 449 potuerit.

154 460 242 504 Sed
270 460 352 504 hoc
383 462 715 506 animadvertas
747 461 849 505 volo
880 461 1153 505 Macrobiani
1182 460 1289 504 libri
1318 461 1432 505 hanc
1460 475 1665 518 magnam

150 532 326 587 partem
368 532 552 589 proprie
594 532 703 574 item
746 533 882 587 atque
914 530 1045 574 Servi
1087 530 1449 573 commentarium
1480 530 1664 573 scholio·

152 615 335 658 rumque
355 602 612 658 fragmenta
633 616 656 645 e
679 614 842 658 magna
863 599 1130 644 scholiorum
1150 602 1351 644 veterum
1373 600 1498 658 copia
1520 605 1666 644 ortam

90 664 97 669 ’
150 684 270 723 esse;
314 685 399 727 quo
431 671 600 713 factum
645 656 736 723 est,
782 671 836 712 ut
873 670 929 712 ab
971 670 1169 712 omnibus
1207 670 1302 713 fere
1344 669 1475 712 iidem
1506 672 1665 726 poetae

149 738 455 790 nominentur,
500 753 764 795 quamquam
795 738 1060 795 singillatim
1092 753 1223 796 saepe
1253 739 1369 782 alius
1401 738 1512 782 alios
1543 738 1661 782 locos

149 807 327 850 afferat.

682 964 722 1009 1.
781 964 860 1009 De
890 963 1133 1009 Homero.

264 1063 335 1107 Ex
363 1064 418 1108 iis
448 1079 561 1122 quae
592 1065 644 1108 de
677 1065 898 1109 Macrobio
932 1070 978 1109 et
1010 1065 1166 1110 Servio
1199 1065 1408 1119 diximus,
1441 1065 1659 1122 sequitur,

149 1134 200 1175 ut
242 1133 296 1175 de
336 1134 585 1177 rationibus
624 1135 744 1177 inter
783 1135 1027 1177 Homerum
1075 1137 1122 1177 et
1168 1127 1423 1191 Vergilium
1471 1135 1659 1177 interce-

147 1198 354 1247 dentibus
376 1204 509 1260 longe
539 1205 735 1261 plurima
764 1204 940 1249 tradita
962 1207 1065 1249 sint.
1119 1206 1188 1248 Ac
1218 1206 1256 1248 si
1276 1205 1374 1261 quis
1397 1219 1661 1261 cognoscere

149 1271 285 1326 volet,
317 1272 474 1329 quibus
498 1274 629 1316 rebus
652 1273 836 1316 differat
857 1275 1091 1332 utriusque
1113 1288 1201 1327 ars,
1234 1273 1354 1316 locos
1386 1288 1412 1315 a
1432 1273 1659 1316 Macrobio

148 1342 414 1397 compositos
448 1342 691 1398 diligenter
722 1344 842 1386 inter
874 1359 922 1387 se
943 1347 1183 1399 comparet.
1236 1343 1386 1395 Nobis,
1420 1359 1517 1386 cum
1538 1342 1662 1386 scho-

146 1409 308 1451 liorum
339 1411 632 1454 elocutionem
664 1412 852 1454 maxime
882 1412 1070 1454 velimus
1103 1426 1356 1468 agnoscere,
1401 1411 1660 1468 plerumque

148 1479 260 1522 satis
292 1479 381 1522 erit
422 1494 535 1537 quae
575 1480 743 1524 scholia
781 1481 835 1524 de
865 1481 1060 1524 Homero
1092 1481 1351 1538 proferant,
1396 1480 1661 1538 singillatim

146 1549 480 1593 examinavisse.
550 1550 817 1607 Incipiamus
862 1551 1004 1607 igitur
1036 1565 1063 1594 a
1094 1551 1297 1594 versibus
1331 1550 1659 1606 singularibus;

150 1633 258 1675 quos
289 1624 534 1676 sequantur
564 1620 651 1663 loci
682 1623 729 1664 et
757 1621 949 1664 minores
982 1626 1028 1664 et
1059 1621 1309 1677 ampliores.

443 1752 484 1805 a)
531 1751 595 1793 de
627 1752 901 1795 versibus
934 1751 1362 1807 singularibus.

266 1851 307 1905 1)
338 1865 380 1906 g.
398 1850 433 1892 Ι.
451 1851 535 1893 383
565 1851 654 1894 iam
675 1851 823 1894 varias
843 1851 889 1906 11)
920 1851 1070 1908 pelagi
1100 1851 1306 1894 volucres
1338 1853 1385 1893 et
1417 1865 1527 1907 quae
1550 1850 1663 1893 Asia

150 1920 314 1962 circum
359 1919 559 1962 dulcibus
605 1920 651 1962 in
695 1920 867 1976 stagnis
914 1921 1136 1963 rimantur
1187 1922 1323 1977 prata
1366 1918 1555 1975 Caystri

152 1988 217 2032 S.:
252 1992 312 2042 ,et
343 1991 414 2032 est
443 1989 705 2032 Homericus
737 2004 918 2032 versus:
963 1990 1082 2045 Ἀσίῳ
1120 1990 1168 2031 ἐν
1200 1993 1379 2043 λειμῶνι
1412 1991 1665 2041 Καυστρίου

150 2058 263 2113 ἀμφὶ
295 2058 469 2114 ῥέεθρα(
501 2059 711 2115 <Β.461>.
744 2084 799 2088 ——
828 2058 925 2102 Hoc
955 2061 1077 2101 recte
1100 2060 1386 2102 observatum
1414 2061 1495 2101 est.
1548 2057 1663 2100 Ver-

150 2128 285 2183 gilius
317 2129 431 2171 enim
463 2128 686 2172 Varronis
716 2129 900 2172 Atacini
931 2143 1107 2182 versus,
1152 2129 1310 2184 quibus
1347 2128 1419 2170 hic
1449 2129 1495 2170 in
1515 2127 1665 2170 -Arati

151 2196 290 2252 signis
310 2197 547 2240 reddendis
569 2212 674 2241 usus
698 2199 769 2241 est
791 2198 848 2252 (v.
871 2196 990 2239 infra
1010 2212 1051 2254 p.
1071 2196 1229 2253 82sq.),
1249 2210 1468 2240 exornare
1490 2196 1666 2239 studuit

150 2266 334 2308 Homeri
354 2267 586 2322 praeclaro
609 2281 742 2309 versu
772 2266 830 2309 ad
850 2267 1035 2309 verbum
1057 2281 1268 2322 expresso
1292 2268 1338 2308 et
1359 2266 1479 2308 inter
1495 2266 1663 2307 Varro-

150 2336 283 2379 niana
312 2336 484 2379 inserto
516 2336 586 2391 (cf.
620 2335 673 2378 de
704 2335 852 2379 Arato
884 2350 926 2392 p.
959 2335 1045 2391 30).

265 2405 309 2460 2)
338 2418 376 2447 a.
409 2404 498 2447 ΙΙΙ.
532 2405 586 2445 97
624 2404 696 2447 hic
735 2404 888 2446 domus
930 2406 1109 2446 Aeneae
1152 2404 1321 2446 cunctis
1364 2403 1667 2446 dominabitur

152 2473 242 2518 oris
286 2476 333 2518 et
377 2473 475 2517 nati
504 2480 713 2517 natorum
754 2475 800 2517 et
839 2473 915 2530 qui
956 2478 1197 2516 nascentur
1235 2474 1291 2515 ab
1329 2472 1435 2515 illis.
1507 2476 1551 2515 Y.
1583 2472 1666 2515 307

151 2550 235 2586 νῦν
267 2542 315 2585 δὲ
347 2544 401 2596 δὴ
435 2545 615 2585 Αἰνείαο
657 2546 731 2598 βίη
759 2545 984 2596 Τρώεσσιν
1015 2543 1162 2593 ἀνάξει
1195 2541 1266 2583 καὶ
1299 2543 1470 2583 παίδων
1501 2542 1666 2593 παῖδες,

150 2616 222 2656 τοί
257 2629 334 2655 κεν
373 2614 615 2667 μετόπισθε
658 2612 885 2667 γένωνται.
949 2611 992 2654 S.
1026 2611 1084 2655 ad
1115 2611 1191 2654 98:
1238 2625 1355 2662 ,sane
1400 2610 1469 2654 hic
1510 2624 1668 2653 versus

150 2680 333 2724 Homeri
378 2681 540 2735 est‘12).
616 2681 753 2724 Macr.
786 2681 952 2724 V.3.8
998 2680 1119 2723 inter
1166 2694 1337 2733 ‚versus
1382 2679 1439 2721 ad
1483 2680 1667 2722 verbum

273 2789 330 2830 11)
356 2787 411 2822 De
436 2789 591 2823 lectione
616 2789 776 2830 ,varias‘
806 2787 886 2822 vide
912 2800 945 2831 p.
973 2790 1030 2822 83.

280 2848 334 2890 12)
362 2845 503 2890 Pergit:
540 2857 656 2890 ,quem
689 2851 726 2881 et
759 2846 837 2891 ipse
873 2845 917 2880 de
944 2845 1088 2890 Orpheo
1115 2845 1280 2889 sustulit,
1313 2845 1399 2880 item
1426 2844 1595 2890 Orpheus
1624 2843 1668 2879 de

160 2905 306 2939 oraculo
331 2905 510 2948 Apollinis
535 2905 773 2950 Hyperborei.
823 2905 916 2939 Mire
942 2909 1062 2939 autem
1088 2905 1254 2948 sequenti
1279 2914 1386 2939 versu
1417 2904 1485 2938 hoc
1512 2903 1670 2938 ostendit
