2088 3268
1139 159 1195 202 26

401 272 679 328 translatas;
713 273 867 318 eadem
896 288 968 317 res
1001 276 1073 317 est
1102 274 1150 316 in
1179 274 1335 331 primis
1356 274 1518 318 XXIV
1547 274 1752 318 versibus
1782 275 1921 332 ipsius

403 341 675 384 certaminis.
736 342 909 385 Deinde
955 358 1027 386 vv.
1061 344 1258 397 45-60,
1302 357 1568 401 quamquam
1610 343 1667 387 ad
1698 343 1924 402 exemplar

401 409 459 452 id.
491 409 626 454 VIII.
659 411 831 454 33—48
861 411 974 455 facti
1014 415 1131 466 sunt,
1175 415 1325 456 tamen
1357 416 1404 456 et
1435 413 1521 469 ipsi
1551 413 1599 455 in
1630 428 1762 456 sensu
1792 413 1923 457 valde

402 478 661 537 discrepant
700 485 747 523 et
777 480 1039 538 plerumque
1082 481 1271 538 singulis
1315 482 1551 525 sententiis
1592 482 1760 525 additis
1802 481 1924 526 aucti

402 550 521 601 sunt,
563 563 676 605 quae
708 550 883 592 omnino
923 565 1014 593 non
1045 550 1276 599 Theocriti
1308 552 1413 594 sunt
1442 550 1515 606 (cf.
1547 566 1619 594 vv.
1651 551 1719 594 46.
1751 552 1820 594 48.
1853 552 1921 595 50.

402 617 470 659 52.
503 618 558 659 57
571 633 634 674 sq.
668 618 752 673 60).

517 686 673 729 Etiam
704 701 801 729 cum
840 687 1046 731 versibus
1078 688 1248 731 61-64
1279 688 1356 732 vix
1385 688 1508 732 locus
1549 688 1666 732 ullus
1696 688 1923 733 Theocriti

402 756 654 812 comparari
686 760 863 813 potest3
908 759 1045 813 atque
1077 773 1147 799 vv.
1181 758 1365 810 65—68‚
1409 772 1674 815 quamquam
1703 758 1750 800 in
1793 772 1924 801 sensu

399 824 720 867 nonnullarum
763 840 915 868 rerum
958 827 1213 869 consentire
1259 826 1472 870 videntur
1514 841 1612 870 cum
1652 827 1710 870 id.
1755 827 1923 871 XVIII

400 892 456 935 29
471 908 578 951 sqq.,
611 898 762 938 tamen
794 895 856 938 sic
885 895 1007 939 inter
1040 911 1087 939 se
1118 896 1352 953 compositi
1382 899 1429 939 et
1459 896 1517 939 ad
1546 896 1795 939 antithesin
1825 911 1922 940 ver-

401 978 528 1005 suum
570 964 933 1007 antecedentium
975 966 1224 1021 excogitati
1266 965 1495 1022 exemplar
1536 981 1626 1009 non
1666 965 1836 1009 habent
1875 965 1922 1008 in

400 1031 630 1076 Theocriti
660 1034 943 1077 carminibus.
1023 1034 1219 1077 Ultimus
1252 1049 1408 1077 versus
1441 1034 1530 1089 (70)
1561 1034 1792 1090 perspicue
1823 1048 1921 1078 ver-

401 1115 497 1142 sum
527 1100 606 1143 Th.
640 1101 774 1144 VIII.
822 1102 877 1143 92
917 1102 1121 1145 imitatus
1164 1117 1279 1145 nove
1310 1103 1554 1144 formatum
1594 1102 1758 1145 reddit.
1820 1101 1920 1145 Om-

398 1168 503 1212 nino
535 1169 718 1227 Vergili
760 1170 917 1227 ecloga
956 1186 1008 1214 ea
1048 1186 1099 1214 re
1141 1171 1288 1214 aliena
1320 1174 1389 1214 est
1420 1185 1447 1214 a
1479 1171 1748 1214 Theocritea
1786 1174 1922 1229 atque

400 1238 571 1296 aliquid
602 1240 710 1284 novi
743 1240 845 1284 huic
889 1241 1093 1284 certandi
1122 1241 1251 1285 modo
1283 1241 1433 1295 adicit,
1479 1241 1864 1299 quodsententiis
1896 1255 1922 1283 a

399 1307 550 1365 priore
582 1312 821 1353 cantatore
842 1310 1036 1367 prolatis
1071 1310 1273 1367 singulae
1305 1311 1495 1354 alterius
1518 1311 1767 1354 sententiae
1798 1325 1920 1353 accu-

398 1381 501 1422 rate
532 1379 811 1436 respondent
840 1380 930 1431 ita,
973 1382 1027 1422 ut
1056 1380 1128 1423 hic
1168 1380 1296 1422 illum
1327 1380 1512 1423 studeat
1555 1394 1792 1436 superare:
1836 1394 1920 1435 quo

399 1447 547 1490 studio
580 1463 676 1490 cum
709 1449 973 1502 adducatur,
1017 1451 1070 1492 ut
1101 1451 1255 1492 cantet
1296 1449 1440 1492 minus
1473 1448 1715 1492 artificiose
1746 1455 1792 1491 et
1832 1463 1921 1491 mo-

399 1517 573 1570 derate,
607 1518 810 1560 devictus
842 1518 950 1561 abit.

513 1586 559 1642 4)
589 1587 657 1630 De
690 1587 847 1644 ecloga
861 1587 981 1631 VIII
1011 1587 1122 1630 dicit
1144 1587 1329 1630 Servius
1363 1587 1437 1640 (ad
1469 1603 1508 1629 v.
1534 1587 1593 1642 1):
1628 1587 1759 1643 ‚apud
1780 1586 1949 1651 Theo3⁹

400 1656 566 1698 critum
598 1660 670 1699 est
712 1672 800 1700 una
832 1656 999 1712 ecloga,
1044 1671 1160 1713 quae
1201 1656 1460 1713 appellatur
1490 1657 1832 1710 φαρμακεύτρια,
1875 1655 1921 1697 in

402 1739 490 1781 qua
520 1725 750 1769 inducitur
772 1726 933 1769 mulier
964 1725 1180 1783 quaedam
1202 1726 1342 1769 sacris
1373 1725 1634 1782 quibusdam
1655 1730 1921 1782 pervertens

399 1797 592 1837 mentem
639 1796 885 1847 amatoris,
932 1810 958 1837 a
1003 1810 1091 1851 quo
1139 1797 1460 1851 spernebatur:
1508 1809 1637 1851 quam
1688 1793 1920 1850 Vergilius

399 1864 644 1907 transtulit
675 1865 731 1907 ad
761 1864 891 1907 huius
923 1864 1102 1920 eclogae
1132 1864 1336 1907 ultimam
1366 1866 1569 1922 partem‘.
1602 1889 1658 1894 —
1689 1862 1921 1920 Vergilius

402 1932 634 1977 Theocriti
665 1934 866 1990 eclogam
888 1934 939 1976 II
969 1934 1175 1976 adhibuit
1204 1934 1260 1976 ad
1292 1936 1472 1976 cantum
1502 1933 1693 1976 alterius
1727 1932 1920 1988 pastoris

401 2003 773 2060 componendum;
807 2017 894 2060 quo
926 2007 1061 2047 cantu
1091 2002 1286 2059 puellam
1307 2002 1611 2046 Thessalicam
1641 2002 1753 2045 facit
1773 2001 1921 2059 Daph-

401 2073 478 2115 nin
523 2072 706 2115 infidum
752 2076 999 2116 amatorem
1044 2075 1147 2115 arte
1191 2072 1363 2128 magica
1409 2072 1465 2115 ad
1511 2086 1558 2114 se
1603 2071 1920 2114 attrahentem.

402 2141 615 2184 Ordinem
662 2141 921 2185 Theocritei
966 2142 1172 2185 carminis
1216 2135 1478 2198 plerumque
1527 2145 1702 2195 servam
1743 2154 1922 2183 versum

400 2211 722 2255 intercalarem
768 2212 835 2254 ita
880 2213 1051 2264 mutat,
1101 2214 1155 2254 ut
1197 2211 1348 2267 iyngis
1399 2211 1495 2253 loco
1541 2209 1738 2253 carmina
1781 2209 1922 2252 faciat

402 2283 650 2324 amatorem
700 2280 994 2324 attrahentia.
1089 2280 1301 2324 Ceterum
1357 2278 1604 2336 singularia
1653 2279 1817 2322 afferre
1867 2304 1922 2308 —

402 2350 559 2394 Jahnii
590 2350 733 2408 (1899.
766 2366 807 2408 p.
842 2350 928 2402 16.)
958 2350 1267 2395 collectionem
1298 2353 1451 2394 secuto
1482 2376 1538 2380 —
1569 2348 1677 2391 mihi
1706 2348 1854 2392 liceat.

403 2421 587 2464 64-68,
620 2421 747 2463 Effer
779 2435 978 2477 aquam
1021 2420 1102 2462 Th.
1136 2420 1195 2463 II.
1220 2420 1330 2462 1—3
1364 2420 1470 2474 φέρε
1492 2420 1665 2474 δάφνας
1695 2420 1743 2461 et
1764 2421 1924 2473 φίλτρα

404 2492 451 2533 et
480 2490 605 2533 molli
645 2490 774 2546 cinge
805 2489 1009 2533 altaria
1049 2490 1171 2533 vitta
1198 2490 1202 2545 Ι
1231 2490 1393 2539 στέψον
1433 2491 1512 2531 τὰν
1553 2488 1792 2542 κελέβαν
1832 2490 1924 2536 οἰὸς

1535 2557 1667 2613 ζάωτῷ
1699 2556 1921 2612 φοινικέῳ.

405 2629 728 2686 [verbenasque
760 2628 890 2671 adole
921 2628 1099 2685 pinguis
1132 2629 1179 2670 et
1207 2627 1406 2671 mascula
1434 2626 1557 2682 tura]

404 2698 606 2754 coniugis
629 2701 676 2740 et
697 2698 881 2753 magicis
904 2711 1034 2740 sanos
1056 2711 1183 2739 aver·
1244 2697 1303 2746 ὡς
1323 2698 1402 2739 τὸν
1428 2696 1534 2750 ἐμὸν
1555 2698 1832 2750 βαρυνεῦντα
1852 2698 1923 2749 φί-

389 2780 396 2782 “
483 2770 584 2810 tere
615 2766 756 2810 sacris
789 2767 996 2823 experiar
1028 2780 1180 2809 sensus
1242 2769 1322 2807 λον
1352 2766 1653 2819 καταθύσομαι
1686 2764 1838 2818 ἄνδρα.

406 2836 535 2893 [nihil
563 2835 636 2880 hic
665 2835 754 2880 nisi
783 2835 981 2880 carmina
1013 2833 1205 2893 desunt].
