2088 3268
1131 191 1186 234 82

402 323 501 352 esse
552 307 689 365 (apud
736 308 999 351 Lucretium
1045 307 1161 351 enim
1211 307 1310 351 ille·
1335 322 1489 351 versus
1536 323 1625 350 non
1669 310 1821 351 exstat
1865 306 1921 350 cf.

402 378 451 420 L.
496 376 704 421 MueHeri
748 376 889 420 Lucil.
935 393 976 435 p.
1009 377 1105 420 159.
1139 377 1271 431 VII.,
1312 376 1443 421 Marx
1485 376 1631 420 Lucil.
1669 376 1732 420 II.
1763 392 1805 435 p.
1837 377 1922 420 433

403 448 456 494 (I.
492 463 532 503 p.
566 446 693 501 LIX)
723 447 857 489 Lucr.
891 461 971 503 pro
1003 446 1144 490 Lucil.
1178 461 1331 503 saepe:
1368 447 1474 489 Luc.
1506 446 1603 489 942.
1639 447 1762 489 1118.
1796 447 1920 489 1145.

405 517 529 560 1260.
579 516 699 559 1306.
732 515 864 559 Marx
903 516 960 559 ad
994 516 1118 559 1311.
1165 516 1288 559 1358.
1322 516 1445 560 1364.
1493 516 1615 561 1367.
1648 515 1798 560 Varro
1829 516 1859 559 l.
1890 516 1921 559 l.

401 586 456 630 V.
491 586 574 643 17).
636 586 806 629 Ennius
850 585 978 629 illum
1019 587 1206 630 Homeri
1247 602 1428 630 versum
1471 586 1626 629 multis
1666 587 1816 629 verbis
1857 587 1921 630 vi<-

401 656 536 699 detur
568 654 831 709 reddidisse,
865 655 1023 698 deinde
1056 656 1244 700 Hostius
1287 656 1376 701 iam
1405 655 1548 699 minus
1578 655 1921 714 moderate'pro

399 726 550 768 decem
579 725 747 781 linguis
769 725 919 781 posuit
950 728 1140 779 centum,
1171 726 1371 769 Lucilius
1404 726 1672 769 sententiam
1711 726 1758 767 in
1787 740 1918 768 unum

399 808 591 848 versum,
638 800 690 837 ut
722 794 955 847 Homerus,
995 793 1178 838 videtur
1220 795 1548 852 compressisse.
1611 794 1739 837 Hunc
1777 794 1920 838 Lucili

398 878 593 917 versum,
626 864 664 906 si
695 863 870 919 quidem
903 863 1061 907 Servio
1092 863 1202 906 fides
1247 866 1331 914 est,
1363 866 1509 907 totum
1540 864 1781 907 transtulit
1808 864 1920 907 Ver—

398 932 535 989 gilius
566 932 723 975 addita
753 946 861 975 voce
894 932 1068 986 ,ferrea‘
1100 947 1183 989 pro
1218 934 1390 986 ‚aerea‘.
1450 932 1537 976 Hic
1567 948 1672 990 ergo
1704 933 1919 977 secundus

398 1004 470 1045 est
490 1017 645 1045 versus
676 1001 734 1044 ad
754 1003 940 1045 verbum
971 1016 997 1044 a
1020 1001 1224 1058 Vergilio
1255 1001 1505 1045 translatus
1519 1000 1571 1057 ⁶³)
1610 1001 1683 1058 (cf.
1715 1018 1755 1059 p.
1789 1002 1843 1045 73
1854 1017 1918 1059 sq.

398 1071 453 1114 de
484 1070 665 1127 Vario);
715 1071 897 1115 videtur
939 1071 1054 1115 enim
1087 1070 1319 1128 Vergilius
1357 1070 1452 1128 ipse
1494 1071 1610 1114 hunc
1650 1071 1920 1129 praedarum

399 1156 581 1184 versum
626 1140 930 1198 pulchriorem
973 1140 1163 1183 reddere
1205 1155 1295 1183 non
1337 1140 1550 1196 potuisse.
1626 1141 1745 1185 Num
1784 1140 1917 1184 Hosti

399 1224 592 1263 versum,
624 1225 754 1267 quem
775 1210 915 1253 affert
936 1209 1130 1252 Macrob.
1157 1209 1237 1263 VI,
1273 1209 1447 1252 omnino
1478 1210 1659 1253 noverit
1672 1210 1917 1266 Vergilius,

396 1279 578 1322 dubium
609 1281 691 1322 est.

768 1407 830 1450 II.
877 1408 956 1450 De
986 1406 1257 1450 Varrone
1288 1406 1551 1450 Atacino.

514 1502 736 1557 Quoniam
765 1502 1068 1547 intelleximus
1101 1502 1147 1546 in
1177 1502 1322 1546 locis
1355 1502 1646 1560 amplioribus
1665 1501 1917 1559 Vergilium

395 1588 484 1616 non
527 1573 670 1616 solum
708 1575 895 1630 praeter
934 1573 1055 1615 Enni
1096 1572 1323 1629 exemplar
1361 1571 1546 1615 Homeri
1588 1572 1728 1628 ipsius
1773 1571 1916 1615 locum

395 1641 668 1698 inspexisse,
720 1642 797 1685 sed
841 1642 976 1685 etiam
1021 1642 1210 1685 maxime
1260 1641 1500 1684 Homerum
1551 1643 1750 1684 secutum
1799 1641 1917 1683 Enni

396 1713 576 1754 tantum
608 1710 904 1754 elocutionem
934 1710 1006 1753 hic
1041 1710 1136 1753 illic
1166 1710 1313 1754 videri
1342 1710 1575 1767 accepisse,
1609 1710 1766 1753 deinde
1799 1710 1916 1754 solos

395 1795 601 1823 versus
641 1780 857 1837 quosdam
887 1780 1146 1836 praeclaros
1188 1782 1236 1823 et
1266 1779 1384 1836 apud
1414 1783 1570 1836 poetas
1600 1779 1789 1823 Latinos
1829 1780 1916 1823 iam

397 1849 563 1893 dudum
593 1849 909 1907 frequentatos
941 1852 1021 1893 aut
1047 1864 1323 1906 compressos
1354 1856 1434 1893 aut
1463 1849 1681 1906 integros,
1714 1852 1765 1892 ut
1796 1849 1916 1892 vide-

397 1922 488 1971 tur,
518 1918 836 1962 transtulisse:
880 1934 996 1961 nunc
1035 1919 1335 1975 inspiciamus,
1379 1932 1492 1975 quae
1536 1918 1736 1961 rationes
1778 1917 1915 1961 inter·
1946 1915 1958 1925 ”

397 1988 615 2032 cesserint
652 1988 773 2037 inter
803 1987 1058 2045 Vergilium
1101 1990 1147 2032 et
1178 1988 1430 2033 Varronem
1460 1988 1714 2032 Atacinum.
1775 1986 1915 2041 Quem

394 2059 442 2101 in
484 2053 794 2116 Ephemeride‘
837 2073 917 2102 sua
957 2058 1096 2102 Arati
1137 2058 1459 2111 Phaenomena,
1510 2057 1557 2100 in
1608 2057 1916 2113 ,Argonautis‘

399 2127 616 2184 Apolloni
636 2127 787 2171 Rhodi
800 2128 1127 2184 Argonautica,
1149 2128 1197 2171 in
1218 2126 1581 2185 ,Chorographia‘
1598 2126 1916 2171 Eratosthenis

396 2197 450 2240 de
483 2196 607 2241 zonis
637 2197 782 2241 locum
813 2198 1106 2241 transtulisse
1148 2199 1254 2241 ante
1285 2197 1539 2254 Vergilium
1568 2197 1616 2240 in
1645 2196 1801 2254 poesin
1831 2197 1915 2240 La-

395 2267 539 2310 tinam
569 2269 761 2311 constat.
1698 2312 1700 2314 ,

513 2336 556 2393 1)
587 2338 642 2381 111
673 2336 924 2394 Georgicis,
957 2338 1033 2381 ubi
1056 2337 1310 2394 Vergilium
1341 2337 1480 2380 Arati
1510 2336 1820 2379 Phaenomena
1850 2352 1914 2380 se-

396 2407 474 2463 qui
495 2406 685 2449 diximus
708 2422 749 2463 p.
767 2406 823 2449 29
832 2421 910 2464 sq.,
933 2406 1155 2449 Varronis
1174 2407 1380 2449 versibus
1403 2420 1531 2449 usum
1552 2420 1650 2449 esse
1664 2405 1916 2464 Vergilium

398 2478 614 2531 testatur,
633 2476 976 2520 commentarius
1009 2479 1167 2520 auctus
1185 2493 1193 2518 :

513 2649 575 2691 63)
602 2646 757 2683 Videtur
783 2647 924 2692 quidem
951 2659 1024 2683 una
1042 2648 1138 2684 effici
1163 2648 1412 2693 discrepantia
1437 2658 1523 2683 voce
1547 2648 1702 2691 ,ferrea‘,
1728 2652 1769 2682 ut
1795 2651 1918 2683 cetera

393 2707 538 2751 integra
563 2706 638 2752 sint
663 2707 854 2742 translata.
898 2706 1034 2742 Tamen
1059 2708 1128 2743 hoc
1153 2707 1300 2742 dubium
1328 2717 1408 2743 esse
1432 2717 1558 2742 moneo
1576 2710 1785 2752 comparato
1811 2717 1917 2743 versu

394 2777 425 2801 a.
453 2766 650 2817 xli-115:
688 2766 782 2802 Solis
807 2767 891 2811 equi
916 2767 1105 2811 lucemque
1130 2767 1236 2802 elatis
1262 2767 1412 2802 naribus
1438 2766 1574 2802 efflant.
1625 2767 1681 2802 S.:
1717 2766 1916 2811 ‚Ennianus

396 2837 522 2861 versus
550 2830 605 2861 est
631 2824 758 2864 ordine
775 2830 1010 2861 commutato:
1038 2826 1271 2871 funduntque
1296 2826 1402 2861 elatis
1420 2826 1568 2862 naribus
1593 2826 1739 2870 lucem‘;
1768 2825 1829 2860 ubi
1845 2836 1917 2860 non

403 2885 564 2921 ordinem
590 2885 716 2927 solum,
743 2884 807 2920 sed
832 2885 940 2920 etiam
966 2885 1076 2920 verba
1101 2889 1240 2921 mutata
1266 2896 1346 2926 esse
1371 2888 1536 2930 apparet.
