2088 3268
892 194 944 236 61

283 304 525 348 Extensius
556 306 610 349 de
639 306 721 350 hoc
749 307 845 351 loco
877 308 971 366 egit
1000 308 1199 362 Norden,
1239 321 1278 350 a.
1312 308 1394 351 VI.
1426 322 1468 363 p.
1504 305 1583 348 183
1598 318 1677 360 sq„

166 373 292 418 cuius
323 377 459 418 verba
490 376 610 431 ispse
638 377 859 433 inspicias.
920 379 986 421 Ut
1024 380 1198 421 omnino
1229 381 1388 434 poetae
1420 375 1574 419 Latini
1604 389 1677 425 ar-

167 441 325 485 borum
345 442 666 487 caedendarum
687 444 1007 504 descriptiones
1031 446 1293 490 excolebant
1320 446 1389 489 ita
1409 444 1544 487 ctiam
1567 442 1677 485 Ver-

166 510 302 565 gilius
356 513 402 555 in
450 513 533 556 hac
580 529 630 557 re
674 515 863 558 Ennium
906 517 1047 572 magis
1093 518 1269 559 secutus
1317 530 1447 571 quam
1491 512 1677 555 Homeri

165 578 387 637 simplicia
416 582 556 624 verba
591 582 669 637 (Ψ.
704 583 800 638 118)
842 584 993 627 multis
1036 583 1186 628 verbis
1216 596 1310 626 rem
1340 583 1528 625 tractat.
1590 579 1678 623 Sed

166 648 239 692 hic
267 663 442 705 quoque
473 650 701 707 Vergilius
742 653 916 695 modum
957 656 1106 707 tenet;
1149 652 1402 709 comprimit
1442 651 1557 694 enim
1587 649 1677 691 En—

164 716 345 761 nianam
394 718 760 776 descriptionem,
812 735 942 778 quam
990 723 1150 779 postea
1196 721 1373 777 Vergili
1422 720 1676 762 imitatores

168 787 445 844 amplificare
463 789 659 833 student.
708 790 828 834 Bene
848 791 1015 843 deinde,
1048 791 1193 848 qualis
1214 791 1276 834 sit
1297 794 1423 846 ζῆλος
1438 789 1677 841 Ἐννιανός,

166 855 404 900 Nordenus
436 858 586 913 docet3
619 874 880 916 quamquam
910 861 1026 904 enim
1055 863 1264 904 accurate
1295 859 1501 902 Enniana
1531 857 1677 914 expri-

164 925 262 979 mit,
294 932 444 969 tamen
464 928 605 983 magis
633 929 809 971 exculta
839 934 974 985 atque
1004 929 1119 972 talia
1138 928 1303 981 reddit,
1336 934 1401 981 ,ut
1422 926 1541 984 quod
1560 925 1678 982 apud

164 993 292 1036 illum
321 995 560 1051 legerimus
592 997 802 1051 alienum,
843 998 999 1041 melius
1041 998 1113 1040 hic
1156 1012 1286 1054 quam
1317 997 1393 1039 ubi
1421 999 1576 1039 natum
1608 998 1677 1037 est

169 1076 331 1106 sonare
360 1064 581 1108 miremur‘
613 1065 764 1121 (Macr.
787 1066 868 1110 VI.
892 1067 930 1109 1.
951 1067 1007 1122 6).
1058 1066 1181 1123 Apte
1202 1066 1350 1109 utitur
1371 1064 1677 1109 alliteratione

167 1138 214 1176 et
244 1134 462 1187 numeris;
495 1135 621 1178 addit
650 1151 691 1178 v.
727 1136 806 1178 181
838 1136 967 1178 docte
999 1150 1170 1188 cuneos,
1202 1137 1436 1192 permutat
1462 1134 1674 1183 ordinem,

163 1203 328 1248 abietis
360 1203 458 1248 loco
489 1204 617 1261 ponit
648 1219 803 1248 ornum
833 1206 1100 1259 montanam,
1144 1204 1261 1247 Enni
1302 1204 1521 1258 ,fraxinus
1552 1203 1678 1247 fran-

165 1274 307 1330 gitur‘
340 1275 474 1317 metri
504 1288 637 1317 causa
667 1274 877 1330 exprimit
907 1274 1056 1316 verbis
1090 1274 1420 1329 ,fraxineaeque
1449 1275 1629 1316 trabes‘.

277 1342 321 1399 3)
351 1343 484 1387 Macr.
518 1343 597 1386 VI.
630 1344 668 1385 2.
702 1343 769 1386 18.
800 1357 839 1386 a.
871 1342 931 1386 Π.
962 1343 1042 1385 281
1080 1361 1131 1382 ω
1168 1342 1298 1387 Alex,
1328 1342 1413 1399 (So.
1447 1343 1532 1398 72).

277 1414 485 1470 Apparet
514 1412 634 1455 locos
666 1426 689 1454 e
719 1412 968 1468 tragoediis
999 1414 1221 1455 attractos
1261 1412 1349 1454 iam
1378 1412 1513 1455 metri
1544 1426 1675 1455 causa

162 1482 294 1525 valde
325 1481 490 1525 mutari
520 1481 735 1524 debuisse.
796 1480 893 1533 Quo
925 1480 989 1533 fit,
1034 1485 1085 1524 ut
1126 1483 1312 1537 praeter
1352 1481 1496 1537 prima
1535 1483 1676 1525 verba

161 1553 209 1607 (o
250 1551 329 1594 lux
369 1550 531 1593 Troiae
563 1568 615 1589 m
658 1565 682 1593 o
721 1549 800 1592 lux
838 1549 1112 1604 Dardaniae)
1178 1552 1226 1593 et
1265 1550 1674 1608 interrogationum

161 1621 362 1664 ordinem
393 1635 524 1663 sensu
555 1623 730 1662 tantum
762 1619 928 1662 similes
960 1618 1051 1662 sint
1080 1619 1179 1662 loci.
1224 1619 1477 1663 Occurrunt
1507 1620 1674 1663 similes

162 1689 414 1732 sententiae
445 1702 482 1731 a.
517 1688 595 1731 VI.
627 1689 725 1740 500,
767 1688 842 1730 ubi
880 1688 989 1730 item
1028 1688 1146 1730 Enni
1186 1688 1518 1741 ,Alexandrum‘
1563 1688 1673 1732 Ver-

159 1757 315 1813 gilium
357 1756 529 1800 imitari
570 1756 666 1799 veri
708 1756 851 1799 simile
893 1765 963 1799 est
1007 1756 1055 1813 (f.
1088 1756 1293 1810 Norden,
1335 1751 1379 1814 pss
1410 1758 1525 1810 257).
1599 1757 1673 1802 Se—

159 1828 359 1883 quuntur
389 1826 503 1868 enim
533 1841 575 1869 v.
598 1826 682 1868 515
714 1827 853 1868 verba
882 1825 940 1868 ad
962 1825 1238 1878 ,Alexandri‘
1261 1826 1510 1883 exemplum
1536 1827 1672 1880 facta,

1340 1909 1452 1952 quae
1484 1900 1611 1940 sunt:

272 1965 316 2021 4)
347 1964 485 2020 (§·25)
507 1979 544 2007 a.
567 1964 647 2007 VI.
672 1964 769 2007 515.
803 1963 914 2007 Cum
933 1963 1088 2007 fatalis
1120 1978 1295 2021 equus
1329 1964 1484 2008 saltu
1516 1981 1673 2023 snper

156 2033 338 2077 ardua
367 2033 504 2077 venit.

272 2103 548 2157 Pergama
577 2108 625 2145 et
654 2107 875 2145 armatum
904 2102 1099 2159 peditem
1130 2103 1330 2158 gravis
1362 2104 1523 2147 attulit
1554 2105 1668 2148 alvo.

157 2172 328 2215 Ennius
359 2173 405 2214 in
433 2171 694 2214 Alexandro
724 2170 809 2226 (Sc.
841 2172 941 2225 IX).

273 2240 389 2283 Nam
418 2240 606 2283 maximo
639 2239 761 2283 saltu
792 2239 1024 2297 superabit
1052 2240 1266 2296 gravidus
1299 2241 1487 2284 armatis
1517 2256 1667 2299 equus.

273 2310 350 2368 qui
382 2324 459 2354 suo
491 2312 628 2367 partu
657 2309 800 2353 ardua
828 2309 991 2366 perdat
1018 2308 1252 2367 Pergama.

271 2380 434 2423 Elucet
464 2379 683 2435 imitatio;
727 2381 863 2436 atque
892 2378 1051 2422 laudat
1080 2381 1214 2435 poeta
1255 2379 1339 2423 hoc
1378 2383 1431 2424 ut
1460 2380 1540 2424 illo
1571 2381 1667 2424 loco

157 2448 439 2492 Cassandrae
469 2447 748 2505 praeclaram
788 2448 1060 2501 vaticinium,
1104 2462 1202 2491 cum
1232 2448 1511 2505 Deiphobum
1551 2450 1668 2507 apud

154 2518 326 2562 inferos
358 2518 412 2561 de
443 2517 605 2561 Troiae
634 2516 826 2560 interitu
855 2517 966 2560 facit
995 2517 1279 2560 referentem.

272 2589 316 2643 5)
350 2586 568 2630 Similiter
596 2600 669 2629 res
702 2599 749 2629 se
778 2585 916 2629 habet
944 2585 1033 2629 alio
1072 2585 1168 2629 loco
1207 2586 1362 2642 (Macr.
1395 2587 1476 2630 VI.
1507 2587 1546 2630 2.
1580 2587 1664 2642 21),

154 2657 232 2700 ubi
263 2655 581 2713 ,Cresphontis‘
612 2669 770 2699 versus
800 2655 1003 2698 imitatus
1034 2657 1106 2698 est
1136 2655 1391 2711 Vergilius:

156 2725 224 2771 Sc.
258 2726 354 2769 131.
404 2724 557 2782 Neque
597 2726 769 2768 terram
809 2724 974 2767 inicere
1013 2738 1156 2781 neque
1195 2728 1382 2768 cruenta
1412 2725 1667 2769 convestire

1420 2809 1610 2851 corpora

154 2864 261 2907 mihi
282 2864 411 2908 licuit
431 2877 573 2920 neque
593 2863 779 2906 miserae
800 2863 954 2906 lavere
974 2862 1183 2906 lacrimae
1205 2863 1372 2906 salsum
1393 2864 1666 2921 sanguinem.
