2088 3268
896 184 952 227 87

171 301 358 345 Omnino
390 298 653 343 Skutschius
684 299 841 355 quibus
873 299 1062 343 diversis
1091 299 1231 342 modis
1263 298 1425 341 similia
1456 307 1555 339 esse'
1584 311 1685 353 pos-

172 373 280 414 sunt
321 369 508 411 duorum
552 371 787 425 poetarum
830 368 1024 411 carmina
1069 368 1283 412 confudit.
1357 365 1685 411 Secernendum

171 438 288 483 enim
329 440 400 481 est
443 438 561 495 quod
605 452 701 481 cum
743 437 967 481 industria
1008 437 1064 480 ad
1108 437 1222 483 alius
1266 443 1426 496 poetae
1456 436 1683 494 exemplar

171 508 336 559 fictum,
385 508 440 549 ab
471 522 521 550 eo
567 506 685 562 quod
725 521 780 549 ex
819 507 911 549 eius
953 522 1153 551 sermone
1196 509 1321 565 quasi
1364 510 1458 551 sine
1497 507 1681 551 consilio

171 580 401 632 acceptum
443 577 532 628 est,
581 577 627 618 et
667 575 705 618 si
747 575 852 631 quid
893 590 988 618 cum
1029 575 1253 619 industria
1292 577 1566 620 translatum
1598 579 1681 628 est,

171 644 471 702 quaerendum
515 647 607 698 est,
655 646 803 686 utrum
845 644 957 687 alius
1000 647 1160 701 poetae
1191 647 1402 688 memoria
1431 646 1577 702 palam
1610 661 1680 687 ex-

172 715 341 758 citetur
383 728 439 757 an
484 714 658 757 furtum
696 713 798 767 fiat,
844 729 971 771 quam
1003 714 1303 758 differentiam
1335 714 1492 772 optimi
1521 716 1682 772 poetae

173 784 269 827 sine
314 783 447 826 dubio
491 783 758 826 sentiebant.
816 783 899 826 His
942 787 1065 827 recte
1105 784 1314 827 seiunctis
1348 785 1540 841 primum
1570 799 1683 840 quae

172 854 227 897 de
273 853 524 897 rationibus
570 852 691 896 inter
724 852 914 895 Ennium
944 854 990 896 et
1020 852 1272 909 Vergilium
1301 853 1682 897 intercedentibus

176 921 431 978 suspicatur
461 921 697 963 Nordenus
729 923 974 973 (comment.
1007 923 1062 965 ad
1094 924 1206 965 Aen.
1229 923 1257 964 1.
1280 923 1375 977 VI),
1408 923 1556 965 aliena
1586 937 1682 965 esse

171 992 228 1034 ab
260 990 343 1034 hac
374 1005 504 1047 quam
524 992 771 1033 tractamus
793 991 1050 1047 quaestione
1078 994 1268 1049 apparet
1299 992 1370 1042 (cf.
1392 990 1498 1045 Leo,
1530 991 1683 1034 Herm.

173 1061 310 1104 XLII
339 1076 381 1119 p.
414 1063 493 1114 57,
538 1075 637 1103 ann.
670 1062 725 1109 2).
798 1062 969 1104 Deinde
1008 1062 1259 1119 Vergilium
1305 1062 1503 1105 omnibus
1547 1064 1684 1105 certis

175 1132 351 1189 quidem
396 1132 504 1174 locis
546 1131 801 1189 praeclaros
844 1147 1000 1175 versus
1046 1133 1185 1188 (totos
1226 1132 1300 1175 vel
1330 1147 1468 1189 paene
1501 1131 1684 1188 solidos)

172 1201 322 1259 palam
353 1206 399 1244 et
430 1201 628 1244 modeste
669 1202 888 1258 accepisse
920 1201 1084 1256 elucet;
1132 1202 1201 1244 sin
1232 1202 1346 1245 Ciris
1386 1204 1544 1244 auctor
1577 1202 1683 1245 Cor-

173 1271 323 1313 nelius·
352 1270 511 1313 Gallus
544 1274 683 1323 esset,
728 1270 958 1326 Vergilius
999 1271 1100 1313 inde
1144 1271 1317 1327 aliquot
1357 1286 1516 1314 versus
1561 1271 1684 1314 leves

175 1342 312 1396 atque
354 1339 597 1382 mediocres
638 1339 918 1396 impudenter
950 1339 1246 1396 subripuisset
1276 1364 1328 1369 —
1361 1339 1408 1381 id
1439 1340 1557 1396 quod
1587 1356 1684 1382 ver—

175 1409 298 1452 sibus
320 1424 347 1453 a
367 1409 514 1453 Leone
536 1409 705 1464 (Herm.
727 1408 872 1460 XLII,
899 1408 971 1464 58)
1003 1408 1253 1465 exscriptis,
1286 1408 1363 1452 sed
1385 1409 1520 1452 etiam
1541 1409 1684 1452 totius

175 1479 272 1521 fere
302 1478 508 1522 carminis
539 1480 696 1521 tenore
726 1478 1073 1521 demonstratur.
1135 1477 1221 1520 Sed
1253 1477 1549 1520 tale.furtum
1570 1479 1684 1522 Ver-

174 1547 311 1604 gilius
342 1563 430 1591 non
449 1547 578 1592 fecit:
612 1563 720 1604 ergo
743 1547 858 1591 Ciris
888 1549 992 1604 post
1012 1546 1264 1603 Vergilium
1285 1547 1408 1591 facta
1429 1550 1511 1590 est.
1561 1548 1684 1602 Quae

175 1617 509 1673 argumentatio
529 1632 610 1673 per
628 1632 675 1659 se
695 1617 782 1659 iam
804 1619 928 1659 certa
948 1631 998 1658 ac
1018 1615 1168 1658 valida
1184 1615 1473 1659 confirmatur
1497 1617 1685 1673 singulis

176 1686 410 1743 utriusque
440 1688 600 1742 poetae
629 1686 738 1729 locis
769 1686 888 1729 inter
919 1700 966 1729 se
992 1684 1167 1728 collatis
1190 1689 1325 1741 atque
1345 1690 1555 1729 accurate
1585 1701 1686 1731 exa-

176 1755 380 1797 minatis:
427 1768 557 1811 quam
605 1756 906 1812 quaestionem
948 1757 1090 1797 totam
1132 1754 1222 1796 Leo
1265 1769 1406 1809 nuper
1453 1756 1687 1799 subtiliter

176 1826 411 1871 tractavit.
