2088 3268
1103 172 1158 214 72

484 285 703 331 Sueium
735 286 968 343 Vergilius
1011 287 1187 330 omnino
1218 303 1307 331 non
1336 287 1540 331 imitatus
1569 302 1665 330 esse
1696 286 1888 330 videtur.

367 355 484 398 Nam
518 355 635 413 quod
668 355 921 399 Macrobius
953 357 1114 400 affert:

483 449 581 505 (VI.
617 450 653 492 1.
687 448 760 505 37)
792 465 830 492 a.
856 449 988 492 VIII.
1011 451 1079 493 90.
1139 451 1264 507 Ergo
1293 450 1383 493 iter
1411 450 1636 507 inceptum
1665 452 1891 506 peragunt

332 556 335 559 .
365 533 596 562 rumore
628 518 886 562 secundo.

484 599 642 644 Sueius
673 600 717 641 in
749 600 778 641 1.
812 601 878 642 V:
922 600 1114 643 redeunt
1156 601 1365 644 referunt
1409 600 1557 657 petita
1601 613 1780 642 rumore
1824 613 1888 641 se-

1689 667 1830 711 cundo

368 740 448 783 hac
478 755 585 783 voce
617 754 730 797 quae
762 742 856 793 est,
904 753 1084 783 rumore
1116 739 1319 783 secundo‘
1361 740 1451 783 iam
1479 739 1649 783 Ennius
1681 754 1787 783 usus
1820 740 1890 782 est

365 810 485 852 Ann.
522 811 618 852 255.
681 809 832 853 Etiam
865 810 1077 866 (Macrob.
1111 809 1193 852 VI.
1225 811 1264 851 5.
1300 810 1370 864 15)
1402 824 1440 852 a.
1472 809 1552 853 IV.
1585 811 1653 851 71.
1688 808 1888 861 ,volatile

366 878 550 923 ferrum‘
586 879 663 922 vix
694 895 717 923 e
750 879 855 924 Suei
886 879 1080 923 carmine
1113 879 1184 933 (V.
1219 879 1405 923 volatile
1437 879 1594 935 telum)
1625 885 1773 923 ortum
1804 882 1886 922 est.

481 972 674 1019 Catulli
714 972 922 1016 carminis
956 972 1121 1015 LXIV.
1164 975 1260 1015 tres
1303 972 1390 1015 loci
1429 973 1748 1028 comparantur
1790 985 1887 1015 cum

365 1042 549 1099 Vergili
582 1043 808 1085 versibus:
854 1056 944 1084 una
987 1042 1187 1084 clausula
1217 1056 1395 1084 versus:
1441 1056 1476 1084 e.
1508 1041 1590 1084 IV.
1623 1041 1679 1082 46
1719 1040 1888 1083 currite

362 1111 476 1154 fusis
523 1128 576 1148 Ν
624 1110 670 1153 C.
714 1111 798 1153 327
848 1111 1021 1153 currite
1065 1110 1157 1153 fusi
1209 1110 1360 1165 (Macr.
1402 1110 1482 1152 VI.
1523 1110 1561 1152 1.
1592 1109 1665 1164 41)
1716 1108 1888 1152 Deinde

364 1180 552 1225 Didonis
586 1181 793 1224 desertae
824 1180 1016 1224 feminae
1047 1182 1206 1224 verba:

477 1277 516 1306 a.
549 1262 628 1305 IV.
653 1264 749 1305 657.
802 1262 933 1306 Felix
952 1261 1039 1305 heu
1059 1261 1241 1304 nimium
1268 1261 1392 1312 felix,
1427 1261 1464 1304 si
1495 1261 1678 1304 litora
1708 1262 1886 1304 tantum

482 1347 721 1390 numquam
753 1332 1013 1375 Dardaniae
1042 1331 1391 1389 tetigissent
1421 1333 1578 1374 nostra
1609 1330 1787 1374 carinae

363 1407 469 1458 apte
504 1404 826 1458 comparantur
859 1403 899 1455 (ξ
932 1401 1005 1456 42)
1035 1416 1077 1443 v.
1114 1401 1191 1442 171
1208 1415 1293 1457 sq.:

479 1482 688 1538 Iuppiter
720 1482 1011 1538 omnipotens,
1044 1481 1113 1524 uti
1142 1496 1245 1524 nam
1275 1496 1365 1523 non
1394 1483 1598 1537 tempore
1628 1481 1770 1536 primo

482 1552 678 1595 Gnossia
709 1551 949 1608 Cecropiae
981 1552 1246 1607 tetigissent
1275 1551 1415 1595 litora
1445 1566 1628 1608 puppes.

361 1621 450 1665 Sed
496 1622 676 1665 diverso
726 1621 855 1664 modo
888 1620 1121 1677 Vergilius
1166 1621 1350 1663 eundem
1396 1636 1572 1664 sensum
1616 1621 1766 1663 verbis
1809 1634 1882 1663 ex-

360 1690 530 1747 primit.

479 1783 715 1826 Postremo
747 1783 804 1826 ad
834 1798 873 1825 a.
907 1784 962 1826 V.
996 1784 1076 1826 591
1110 1783 1278 1839 <fertur
1308 1783 1619 1838 Labyrinthus

474 1852 600 1896 mille
632 1852 717 1896 viis
749 1852 957 1895 habuisse
989 1852 1150 1906 dolum,
1183 1867 1270 1910 qua
1301 1853 1429 1909 signa
1461 1851 1693 1909 sequendi>

482 1921 671 1965 falleret
700 1922 995 1979 indeprensus
1028 1925 1075 1966 et
1104 1922 1502 1967 irremeabilis
1534 1937 1709 1966 error.

358 2005 627 2048 quamquam
671 1991 964 2034 immoderate
995 1992 1179 2035 Servius
1224 1993 1355 2035 dicit:
1402 1995 1487 2046 ‚est
1528 1994 1680 2035 autem
1721 2007 1878 2035 versus

359 2060 544 2104 Catulli‘
578 2062 729 2104 tamen
762 2061 923 2113 verbis,
963 2076 1075 2117 quae
1108 2064 1213 2104 sunt
1245 2062 1555 2115 ‚irremeabilis
1588 2064 1728 2104 error‘
1764 2061 1877 2104 Ver-

361 2129 498 2187 gilius
531 2129 704 2173 imitari
735 2130 808 2173 vel
840 2145 1055 2187 superare
1086 2131 1268 2175 videtur
1306 2131 1420 2174 illud
1451 2131 1623 2175 Catulli
1665 2132 1723 2187 (v.
1757 2132 1878 2187 114):

475 2214 530 2242 ne
562 2199 867 2254 labyrintheis
901 2214 923 2242 e
955 2200 1142 2243 flexibus
1175 2200 1480 2257 egredientem

479 2268 592 2312 tecti
624 2268 935 2312 frustraretur
967 2269 1312 2313 inobservabilis
1346 2285 1489 2313 error.

357 2336 573 2381 Conferri
603 2339 794 2393 possunt
825 2337 990 2380 similes
1023 2338 1078 2380 de
1109 2338 1255 2381 Ennio
1287 2340 1542 2382 notationes
1576 2339 1809 2395 (imprimis
1836 2337 1879 2380 S.

353 2406 411 2450 ad
446 2422 484 2450 a.
520 2406 599 2449 VI.
633 2406 737 2462 219)
766 2421 909 2464 neque
942 2423 1051 2465 opus
1084 2410 1155 2452 est
1184 2424 1348 2452 novum
1379 2409 1681 2466 fragmentum
1712 2423 1879 2466 ponere

356 2479 409 2520 ut
440 2476 752 2520 Lachmannus
785 2477 896 2520 fecit
927 2478 973 2520 in
1004 2478 1184 2521 Catullo
1216 2478 1290 2530 (fr.
1324 2480 1363 2521 6.
1394 2494 1436 2535 p.
1468 2479 1553 2530 83).

476 2557 624 2603 Calvi
665 2558 768 2608 ‚Ius‘
814 2557 1009 2611 Servius,
1054 2559 1130 2615 qui
1169 2560 1346 2615 saepius
1384 2561 1565 2616 poetam
1594 2560 1769 2614 laudat,
1812 2560 1879 2603 bis

351 2626 399 2668 in
431 2625 619 2682 Eclogis
651 2628 783 2669 notat
824 2626 1134 2670 imitationem.
1195 2628 1358 2684 Itaque
1401 2628 1608 2672 discimus
1651 2629 1767 2672 illud
1803 2628 1878 2672 he-

354 2694 630 2738 mistichium

468 2792 503 2819 e.
529 2771 618 2818 VI.
651 2777 720 2819 47.
775 2776 870 2829 ,Ah
910 2778 1080 2834 virgo
1122 2778 1363 2832 infelix,
1414 2793 1526 2835 quae
1568 2782 1617 2823 te
1656 2780 1880 2824 dementia

1702 2850 1822 2908 cepit
