2088 3268
875 211 930 253 65

258 325 302 379 9)
332 324 569 367 Postremo
606 325 792 366 Ennium
838 325 1017 367 videtur
1049 323 1280 380 Vergilius
1321 322 1525 364 imitatus
1564 334 1661 363 esse

144 411 184 437 a.
215 393 279 437 Π.
308 394 393 436 486
437 394 516 446 ‚At
556 393 708 436 domus
739 394 943 437 interior‘
983 394 1060 436 ubi
1090 392 1275 436 Servius
1312 391 1446 433 dicit:
1482 389 1550 443 ,de
1581 389 1660 432 Al-

144 464 259 506 bano
290 461 460 505 excidio
491 462 741 505 translatus
773 466 843 506 est
872 462 1008 505 locus‘
1033 461 1229 517 (Vahlen
1252 461 1306 503 A.
1331 460 1415 503 140
1448 474 1520 513 ‚sc.
1544 459 1660 516 quod

146 527 228 575 est*
246 531 365 588 apud
396 530 631 587 Eunium‘).
693 532 861 585 ‚Locus‘
905 531 1139 588 complecti
1169 530 1350 574 videtur
1390 529 1661 573 femina-rum

144 600 489 645 lamentationes
521 601 579 657 (v.
609 601 875 657 486—490);
907 600 1030 644 cuius
1061 600 1266 644 ultimum
1296 615 1476 643 versum
1508 604 1661 642 tamen

145 671 387 727 Apollonio
405 670 556 713 deberi
575 670 756 714 Servius
779 671 900 714 dicit.
947 670 1035 714 Sed
1057 685 1153 712 cum
1169 669 1406 712 Lucretius
1429 669 1511 713 IV.
1533 670 1658 711 1171.

147 739 354 782 similiter
395 739 537 782 dicat:
586 742 645 792 ‚et
686 739 856 782 foribus
901 740 1036 782 miser
1080 738 1276 782 oscula
1317 739 1478 795 figit‘
1522 740 1659 795 atque

147 807 328 851 Servius
350 823 422 851 vv.
444 808 527 850 486
541 823 633 864 sqq.
656 809 860 851 universe
891 809 1010 851 dicat
1042 823 1138 851 esse
1161 808 1402 861 Ennianos,
1435 808 1658 851 conclusio

145 879 282 921 certa·
315 879 384 920 est
423 876 675 933 Vergilium
718 894 758 921 v.
799 878 884 921 490
927 893 1015 920 non
1058 877 1114 920 ad
1159 877 1374 934 Apolloni
1421 877 1497 920 sed
1542 878 1660 920 Enni

145 946 371 1003 exemplar
401 946 593 988 finxisse.
644 947 698 988 In
729 946 828 989 aliis
860 961 1032 1002 quoque
1063 948 1194 988 rebus
1219 947 1335 988 Enni
1363 946 1659 989 elocutionem

146 1014 327 1058 videtur
359 1017 536 1058 secutus
568 1030 684 1069 esse;
719 1014 794 1058 sed
817 1014 994 1070 Vergili
1023 1014 1235 1071 polientis
1266 1029 1421 1058 manus
1454 1018 1658 1072 apparet.

261 1084 350 1126 Tot
390 1084 530 1139 igitur
572 1098 727 1126 versus
771 1086 818 1126 et
859 1084 946 1126 loci
988 1084 1144 1140 quibus
1188 1084 1420 1140 Vergilius
1464 1085 1656 1128 Ennium

146 1154 217 1195 est
255 1153 478 1206 imitatus,
526 1152 848 1195 dubitationem
892 1168 980 1194 non
1010 1152 1280 1206 admittunt,
1320 1154 1426 1209 quin
1456 1156 1658 1211 quamvis

145 1222 288 1265 multa
309 1222 469 1265 debeat
485 1222 715 1277 Vergilius
738 1222 969 1264 Ennianae
991 1222 1230 1265 elocutioni
1248 1237 1304 1265 ne
1325 1239 1459 1265 unum
1482 1225 1659 1280 quidem

146 1305 320 1333 versum
348 1290 641 1333 transtulerit
671 1290 919 1346 integrum,
960 1290 1155 1333 locorum
1186 1291 1446 1348 plerumque
1481 1307 1659 1336 sensum

146 1362 322 1403 tantum
352 1360 575 1416 acceperit
613 1375 702 1402 una
733 1375 829 1402 cum
860 1360 1010 1403 verbis
1041 1361 1266 1404 nonnullis
1299 1363 1526 1420 exemplar
1558 1379 1660 1420 per-

147 1429 296 1485 spicue
325 1428 647 1482 indicantibus;
689 1429 940 1471 Macrobius
980 1429 1124 1485 igitur
1157 1432 1203 1472 et
1234 1430 1503 1475 scholiastae
1536 1436 1658 1477 totos

147 1498 266 1540 locos
311 1497 565 1553 Vergilium
609 1499 663 1539 ab
709 1497 809 1539 aliis
858 1498 1148 1541 transtulisse
1192 1499 1414 1551 dicentes,
1466 1504 1521 1544 ut
1564 1517 1658 1545 rem

146 1569 346 1622 apertam
377 1568 533 1622 aperte
565 1565 762 1622 eloquar,
793 1566 1076 1622 impudenter
1106 1567 1286 1611 mentiti
1318 1571 1437 1611 sunt.

691 1680 738 1723 3.
798 1680 877 1724 De
906 1679 1118 1725 Lucilio.

260 1765 534 1821 Quamquam
564 1765 718 1808 credas
750 1764 1004 1821 Vergilium
1045 1769 1224 1823 poetam
1267 1768 1437 1825 epicum
1483 1772 1658 1815 omnino

143 1850 231 1878 non
275 1834 322 1876 in
366 1849 492 1877 usum
537 1834 765 1877 vocavisse
810 1834 957 1877 Lucili
1000 1838 1257 1878 saturarum
1306 1841 1467 1894 poetae
1522 1856 1659 1897 opera

145 1904 308 1955 (Marii,
342 1903 388 1946 C.
421 1903 581 1945 Lucilii
612 1904 850 1945 carminum
882 1904 1095 1959 reliquiae
1127 1904 1188 1947 Π.
1223 1907 1278 1960 3),
1310 1909 1462 1950 tamen
1493 1912 1541 1952 et
1567 1910 1659 1952 Ma-

144 1971 319 2015 crobius
366 1973 412 2014 et
457 1970 640 2013 Servius
687 1973 810 2014 certa
855 1971 982 2015 huius
1028 1973 1096 2015 rei
1140 1974 1400 2020 testimonia
1445 1978 1657 2023 afferunt.

146 2042 343 2094 Quorum
373 2040 610 2096 plurimum
641 2040 796 2083 valent
825 2041 872 2082 hi
903 2041 988 2084 duo
1020 2057 1203 2085 versus:

260 2110 302 2164 1)
333 2125 368 2152 e.
401 2109 529 2152 VIII.
563 2109 630 2151 63.
691 2109 840 2153 Dicite
871 2110 1085 2164 Pierides,
1116 2127 1222 2155 non
1254 2115 1435 2157 omnia
1468 2132 1657 2172 possu-

142 2194 258 2222 mus
291 2193 474 2222 omnes

257 2248 447 2291 Macrob.
481 2247 562 2290 VI.
596 2248 634 2290 1.
666 2249 720 2291 35
753 2249 826 2303 (M.
858 2249 915 2291 fr.
948 2249 1049 2304 218)
1082 2250 1225 2294 Maior
1256 2255 1358 2295 erat
1387 2257 1523 2297 natu:
1569 2272 1658 2300 non

143 2331 289 2360 omma
316 2331 548 2373 possumus
581 2332 729 2360 omnes

144 2400 257 2443 quae
303 2387 462 2438 verba,
513 2388 567 2428 ut
611 2386 800 2428 redeant
844 2386 901 2429 ad
945 2389 1234 2443 proverbium
1282 2391 1463 2448 aliquod
1512 2394 1657 2449 (Marx

143 2471 183 2512 p.
216 2454 264 2496 ΙΙ
294 2454 367 2510 89)
397 2456 547 2497 tamen
579 2454 640 2497 sic
668 2454 864 2498 formata
893 2456 1039 2500 Lucili
1069 2460 1185 2501 sunt.

257 2524 301 2579 2)
332 2538 370 2567 a.
390 2524 443 2566 V.
460 2524 545 2565 422
567 2538 761 2580 magna
782 2540 910 2568 ossa
929 2526 1307 2585 lacertosque
1329 2531 1454 2574 exuit
1479 2532 1653 2586 (Macr.:

142 2593 337 2649 extulit).

256 2662 450 2705 Macrob.
483 2662 562 2704 VI.
597 2662 633 2704 1.
667 2662 740 2716 (fr.
773 2663 873 2718 547)
904 2679 1063 2720 magna
1094 2681 1197 2710 ossa
1226 2667 1473 2725 lacertique

256 2733 476 2788 apparent
504 2730 682 2774 homini.

142 2801 218 2844 ubi
247 2800 376 2845 Marx
407 2800 544 2858 (11.p.
563 2800 684 2852 204):
718 2800 868 2855 ,Recte
896 2804 1080 2859 ponitur
1110 2805 1228 2862 apud
1248 2806 1522 2852 Macrobium
1539 2808 1653 2852 Ver-

141 2871 299 2928 gilium
328 2871 554 2914 imitatum
598 2884 719 2923 esse,
760 2885 857 2914 cum
888 2873 1056 2917 scribat
1085 2889 1124 2917 a.
1158 2875 1214 2918 V.
1245 2876 1329 2919 422
1364 2911 1372 2920 .
1397 2912 1405 2920 .
1431 2912 1462 2932 .‚
1495 2878 1660 2922 Lucilii

1348 2948 1374 2989 5
