2088 3268
1085 172 1141 214 70

353 286 567 331 videntur
590 287 766 330 debere.
818 287 995 344 Itaque,
1027 301 1290 345 quamquam
1312 286 1579 330 certioribus
1600 285 1879 341 argumentis

352 356 542 401 concedo
573 371 643 400 me
689 370 865 410 carere,
913 355 1079 400 conicio
1125 371 1205 414 per
1244 370 1445 399 errorem
1475 355 1644 399 factum
1676 368 1785 410 esse,
1826 358 1879 398 ut

352 430 513 470 auctor
544 426 855 470 commentarii
885 426 1008 469 aucti
1038 429 1192 470 notam
1212 427 1400 483 poneret
1422 425 1479 468 ad
1503 441 1541 469 v.
1565 425 1648 467 198
1682 440 1720 478 ‚o
1742 424 1877 478 socii‘‚

352 511 451 539 cum
483 511 651 553 ponere
682 495 823 539 vellet
855 495 910 538 ad
943 511 985 539 v.
1018 496 1103 538 229
1136 512 1174 549 ,0
1206 495 1280 552 qui
1312 498 1412 539 res‘.

470 564 559 608 Sed
589 570 641 607 ut
671 578 724 607 ea
756 564 902 607 omnia
933 564 1202 609 formaverit
1220 564 1450 623 Vergilius
1481 563 1539 608 ad
1558 563 1703 607 Naevi
1734 576 1878 606 exem-

352 633 469 692 plar,
503 636 673 691 quanta
703 633 847 677 fuerit
868 634 1129 686 similitudo,
1162 650 1216 677 ex
1237 635 1307 677 his
1330 636 1463 677 rebus
1485 634 1593 676 licet
1614 647 1876 688 cognoscas:

351 703 542 761 primum
575 702 774 746 Naevius
817 717 924 746 usus
971 704 1042 747 est
1073 717 1208 747 versu
1245 702 1481 755 Saturnio,
1513 701 1746 759 Vergilius
1780 700 1877 746 dac·

352 774 521 829 tylico;
563 788 669 828 ergo
702 787 841 828 paene
874 773 1027 815 eadem
1058 774 1178 815 ratio
1211 774 1330 815 inter
1360 788 1435 815 eos
1462 771 1710 815 intercedit
1741 774 1877 827 atque

350 842 474 886 inter
505 843 686 899 poetam
717 843 763 885 et
796 841 1060 899 scriptorem
1093 841 1309 886 orationis
1333 841 1519 886 solutae.
1572 840 1741 885 Deinde
1763 855 1876 884 com-

350 925 483 968 pares
516 911 601 954 duo
633 911 914 967 fragmenta:

468 980 523 1024 14
553 980 606 1024 B.
639 986 816 1037 patrem
849 995 975 1024 suum
1008 995 1259 1039 supremum
1292 983 1522 1038 optumum
1547 980 1753 1038 appellat

468 1068 520 1088 m
555 1051 609 1093 V.
642 1050 740 1092 227.
783 1052 918 1106 atque
960 1050 1086 1092 illum
1116 1050 1223 1093 talis
1255 1051 1497 1094 iactantem
1529 1052 1713 1106 pectore
1745 1065 1875 1093 curas

468 1120 651 1163 tristior
681 1121 728 1162 et
759 1119 957 1162 lacrimis
992 1120 1141 1163 oculos
1174 1120 1346 1163 suffusa
1377 1120 1565 1163 nitentis
1886 1113 1889 1116 Α

466 1189 726 1246 adloquitur
756 1188 922 1231 Venus.

468 1257 527 1299 fr.
549 1256 686 1298 1513.
721 1271 886 1299 summe
919 1256 1050 1299 deum
1081 1260 1310 1313 regnator,
1344 1257 1450 1313 quia
1478 1271 1579 1300 nam
1610 1272 1750 1314 genus
1782 1258 1872 1300 isti.

468 1325 716 1382 (genuisti‘P
750 1326 832 1369 huc
863 1326 1051 1369 rettulit
1082 1326 1131 1368 L.
1165 1325 1385 1382 Mueller).

467 1395 522 1437 V.
555 1395 653 1437 229.
686 1395 723 1438 Ο
755 1395 830 1452 qui
861 1409 934 1438 res
966 1395 1277 1452 hominumque
1309 1394 1524 1452 deumque

467 1465 667 1508 aeternis
700 1465 820 1520 regis
852 1464 1053 1521 imperiis
1086 1479 1121 1507 e.
1143 1479 1184 1521 q.
1203 1479 1235 1507 s.

468 1534 666 1577 Eandem
712 1534 1061 1591 discrepantiam
1114 1535 1248 1577 etiam
1302 1534 1499 1591 antiquis
1549 1534 1874 1591 interpretibus

351 1604 616 1661 quibusdam
658 1604 902 1646 notabilem
945 1603 1085 1647 fuisse
1128 1603 1431 1660 intellegimus
1476 1618 1531 1647 ex
1573 1604 1874 1647 commentarii

350 1673 473 1717 aucti
505 1673 562 1716 ad
592 1688 631 1717 a.
665 1673 727 1715 ΙΙ.
761 1673 844 1715 797
877 1673 1050 1716 verbis:
1097 1672 1225 1727 ,Sane
1266 1673 1448 1716 adamat
1488 1675 1623 1730 poeta
1666 1687 1718 1716 ea
1762 1688 1875 1730 quae

348 1742 465 1800 legit
496 1742 676 1786 diverso
709 1742 837 1786 modo
868 1742 1093 1800 proferre.
1155 1743 1354 1787 Naevius
1396 1742 1505 1787 belli
1536 1743 1693 1786 Punici
1730 1743 1874 1801 primo

349 1813 403 1855 de
435 1813 635 1856 Anchisa
667 1822 714 1855 et
745 1813 901 1856 Aenea
932 1813 1210 1868 fugientibus
1242 1812 1351 1855 haec
1381 1813 1471 1855 ait:
1505 1827 1675 1855 »eorum
1708 1819 1874 1856 sectam

351 1884 604 1939 sequuntur
634 1881 766 1925 multi
797 1881 1039 1924 mortales«
1071 1897 1169 1925 ecce
1198 1881 1281 1925 hoc
1312 1884 1384 1924 est
1415 1882 1614 1925 »invenio
1646 1882 1872 1925 admirans

347 1966 624 2005 numerum«;
657 1951 811 1994 »multi
843 1951 922 1994 alii
954 1966 976 1993 e
1010 1951 1147 1994 Troia
1177 1954 1360 1994 strenue
1392 1951 1502 1994 viri«
1546 1965 1643 1993 ecce
1683 1951 1729 1992 hi
1770 1954 1875 1994 sunt

348 2020 530 2064 »animis
586 2020 780 2078 parati«;
852 2020 949 2063 »ubi
1009 2019 1135 2063 foras
1204 2036 1301 2063 cum
1365 2035 1475 2063 auro
1524 2020 1618 2063 illic
1670 2020 1873 2064 exibant«

353 2105 454 2135 ecce
486 2093 556 2135 »et
587 2090 743 2148 opibus
774 2090 1039 2134 instructi«‘.
1104 2089 1171 2134 Cf.
1206 2087 1262 2134 ad
1292 2090 1472 2134 initium
1502 2090 1531 2132 1.
1565 2090 1653 2133 ΠΙ.
1687 2093 1743 2146 (ν.
1778 2091 1870 2146 10);

350 2164 485 2210 ‚amat
517 2163 652 2217 poeta
682 2174 795 2217 quae
826 2160 941 2216 legit
972 2160 1211 2204 immutata
1232 2161 1382 2217 aliqua
1402 2163 1536 2217 parte
1567 2160 1640 2203 vel
1669 2161 1872 2217 personis

347 2229 458 2287 ipsis
492 2230 640 2273 verbis
683 2230 893 2286 proferre
912 2229 975 2285 ⁶3).
1050 2229 1249 2273 Naevius
1292 2231 1409 2273 enim
1449 2230 1623 2273 inducit
1664 2245 1873 2273 uxores

348 2301 529 2343 Aeneae
573 2302 621 2342 et
650 2299 878 2342 Anchisae
920 2314 1018 2342 cum
1058 2300 1255 2343 lacrimis
1285 2300 1422 2342 Ilium
1460 2299 1762 2357 relinquentes
1805 2299 1873 2343 his

348 2369 524 2412 verbis:
558 2370 810 2411 »amborum
842 2384 1006 2412 uxores
1038 2372 1176 2412 noctu
1196 2369 1391 2412 Troiade
1423 2368 1617 2422 exibant,
1651 2368 1872 2425 capitibus

348 2438 520 2494 opertis
563 2438 725 2481 flentes
767 2439 922 2481 ambae
964 2439 1178 2482 abeuntes
1210 2437 1405 2482 lacrimis
1437 2453 1534 2481 cum
1563 2438 1761 2493 multis«;
1792 2438 1874 2483 hoc

347 2508 434 2552 iste
465 2508 697 2552 Aenean
729 2507 882 2552 eodem
912 2508 958 2551 in
989 2512 1193 2566 tempore
1215 2509 1412 2553 eiusdem
1442 2508 1509 2552 rei
1539 2523 1673 2552 causa
1703 2509 1875 2552 inducit

467 2685 528 2726 60)
556 2682 673 2717 Locus
695 2687 889 2728 corruptus
908 2688 983 2726 est3
1012 2683 1212 2718 coniunctis
1232 2683 1406 2719 ambobus
1427 2683 1574 2718 scholiis
1592 2693 1718 2719 sensus
1738 2683 1872 2725 elucet3

348 2753 499 2785 quorum
529 2742 635 2786 prior
668 2743 827 2786 pertinet
862 2741 908 2776 ad
941 2741 1121 2777 diversam
1148 2742 1406 2787 elocutionem,
1443 2743 1598 2778 alterum
1631 2743 1679 2777 ad
1713 2740 1873 2777 diversas

347 2810 534 2844 personas.
586 2801 685 2844 Ergo
713 2800 942 2835 scribendum
970 2806 1045 2836 est:
1073 2806 1182 2844 ,amat
1199 2805 1309 2845 poeta
1328 2812 1421 2845 quae
1437 2802 1527 2846 legit
1544 2802 1733 2836 immutata
1751 2800 1874 2845 aliqua

346 2863 454 2905 parte
482 2859 607 2905 —kvel
633 2860 799 2904 personis
825 2860 915 2905 ipsis
942 2861 1016 2896 vel
1042 2860 1161 2895 verbis
1190 2881 1233 2887 --
1260 2859 1450 2905 proferre‘.
