2088 3268
975 184 1029 226 77

250 297 285 339 Ι.
316 297 394 341 De
422 298 660 342 Homero
701 301 758 342 et
787 298 969 342 Ennio
1010 297 1263 354 aliisque
1294 297 1485 353 poetis
1519 296 1760 340 Latinis.

370 367 412 421 1)
443 381 482 411 a.
514 368 569 411 X.
603 369 687 411 100
717 367 854 410 Macr.
888 367 971 410 VI.
1004 368 1043 409 2.
1075 367 1153 410 26:
1199 389 1248 402 κ
1281 367 1452 409 Ennius
1484 367 1530 408 in
1561 365 1766 422 Scipione

252 437 310 480 (9.
345 452 385 493 p.
421 439 535 491 214).
604 438 739 480 Macr.
770 438 826 480 V.
870 438 936 478 13.
971 437 1037 479 37.
1086 454 1138 474 Ν
1184 437 1313 480 Hom.
1347 442 1399 478 A.
1432 438 1621 492 528sqq.
1697 436 1764 479 De

248 505 331 549 hoc
360 505 458 550 loco
491 520 629 563 supra
659 505 849 549 diximus
881 520 920 562 p.
953 506 1031 559 6¹73
1077 505 1384 549 demonstrare
1427 506 1575 548 conati
1616 519 1763 547 sumus

249 574 329 618 hos
360 575 480 632 ipsos
512 590 668 619 versus
700 575 755 617 de
786 574 967 617 silentio
998 575 1151 617 mundi
1181 575 1237 617 ad
1266 574 1487 617 Lucilium
1518 574 1682 617 redire.

366 645 412 700 2)
442 659 480 688 a.
513 644 573 687 Π.
606 644 705 686 416.
765 643 904 686 Macr.
937 643 1017 687 VI.
1050 644 1090 686 2.
1122 644 1191 686 28.
1236 660 1288 681 m
1335 643 1504 686 Ennius
1535 643 1592 686 A.
1623 642 1763 703 XVI-l

252 714 372 769 (444)
403 714 539 756 Macr.
570 713 626 756 V.
662 713 727 755 13.
762 715 828 754 14.
868 735 909 748 κ
945 713 1071 756 Hom.
1104 714 1139 756 l.
1172 715 1212 755 4.
1244 713 1305 756 Π.
1336 715 1432 755 765.

364 782 536 825 Ennius
559 782 734 838 quidem
754 782 959 825 imitatus
982 798 1079 825 esse
1096 783 1276 825 videtur
1294 783 1479 825 Homeri
1499 783 1599 824 ILI.
1613 785 1761 838 4sqq.;

249 850 329 893 sed
358 851 556 908 Zephyri
601 852 696 894 loco
741 851 894 908 posuit
924 853 1145 894 Austrum
1186 851 1402 908 Aquiloni
1442 851 1761 900 adversarium,

248 920 355 977 quia
383 920 529 963 totius
562 921 904 976 comparationis
938 935 1116 964 causam
1137 922 1342 963 mutavit.
1394 920 1616 963 Homerus
1649 921 1764 963 enim

249 992 408 1033 ventos
452 989 684 1046 delegerat
726 1005 816 1033 non
846 991 1128 1033 adversarios
1170 991 1366 1038 (Borean
1397 997 1443 1033 et
1474 989 1762 1046 Zephyrum),

251 1074 349 1101 cum
400 1059 670 1115 comparatio
720 1075 809 1102 non
854 1075 1070 1103 concursu
1119 1060 1446 1112 contineretur,
1501 1059 1576 1102 sed
1623 1060 1762 1102 conci-

247 1129 433 1173 tatione.

367 1198 599 1254 Vergilius
644 1204 793 1242 autem
836 1200 881 1241 in
923 1199 1006 1242 hoc
1049 1199 1273 1242 consentit
1314 1214 1411 1241 cum
1440 1199 1626 1241 Homeri
1656 1199 1684 1240 l.
1719 1203 1765 1240 H

219 1275 232 1286 ⁸
248 1271 295 1310 et
316 1268 433 1310 Enni
455 1268 720 1321 Annalibus,
754 1269 870 1324 quod
893 1268 1223 1325 comparatione
1243 1269 1391 1311 utitur
1423 1268 1475 1311 de
1498 1268 1609 1311 viris
1641 1268 1761 1311 inter

250 1352 298 1379 se
328 1337 654 1393 pugnantibus;
697 1339 834 1393 atque
871 1337 1007 1379 etiam
1038 1340 1197 1380 ventos
1237 1339 1376 1379 affert
1406 1337 1602 1390 eosdem,
1652 1353 1759 1393 quos

247 1403 469 1449 Homerus
500 1405 546 1448 in
577 1407 604 1449 1.
637 1410 702 1460 II,
749 1406 920 1448 Eurum
962 1409 1008 1449 et
1040 1407 1227 1461 Notum,
1277 1406 1431 1464 quibus
1471 1406 1613 1449 minus
1655 1408 1760 1463 apte

247 1475 376 1517 addit
420 1475 696 1531 Zephyrum;
745 1476 881 1517 etiam
926 1476 1043 1531 quod
1086 1476 1301 1518 silvarum
1341 1477 1610 1518 mentionem
1651 1477 1761 1518 facit

248 1544 559 1598 stridentium,
600 1544 848 1588 meminisse
880 1545 1060 1588 videtur
1090 1545 1275 1589 Homeri
1304 1545 1332 1588 l.
1367 1549 1430 1598 H,
1476 1544 1634 1588 deinde
1665 1561 1758 1588 cum

244 1613 299 1655 de
328 1613 442 1655 mari
472 1615 688 1656 commoto
729 1613 955 1670 loquitur,
1001 1614 1048 1655 in
1094 1628 1143 1657 re
1183 1614 1356 1670 quidem
1401 1615 1626 1657 consentit
1665 1629 1759 1657 cum

245 1681 428 1726 Homeri
448 1681 504 1726 Il.
528 1684 558 1724 I
583 1685 629 1726 et
650 1682 768 1726 Enni
798 1682 908 1736 loco,
941 1682 1119 1727 minime
1140 1683 1187 1726 in
1209 1683 1354 1727 verbis
1379 1687 1425 1726 et
1446 1683 1760 1741 descriptione.

245 1753 366 1809 Ergo
411 1767 520 1810 quas
560 1753 699 1796 affert
731 1753 962 1810 Vergilius
1004 1754 1271 1807 sententias,
1324 1768 1401 1796 eae
1445 1755 1492 1796 in
1539 1754 1760 1809 plerisque

245 1824 499 1877 congruunt
529 1837 626 1864 cum
645 1821 833 1864 Homeri
863 1822 1078 1876 carmine;
1111 1823 1229 1864 Enni
1259 1825 1409 1865 autem
1430 1822 1625 1865 imitatio
1647 1822 1757 1866 adeo

251 1905 341 1933 non
370 1890 594 1946 proditur,
625 1893 677 1932 ut
708 1890 786 1933 alii
817 1891 910 1933 sint
943 1891 1077 1943 venti,
1116 1905 1259 1934 novae
1290 1892 1457 1948 partim
1491 1892 1758 1943 sententiae,

246 1959 377 2016 plane
410 1959 635 2003 diversum
665 1959 881 2002 narrandi
911 1974 1063 2016 genus.
1127 1959 1295 2013 Quibus
1335 1962 1468 2003 rebus
1510 1961 1621 2004 satis
1652 1961 1760 2003 mihi

254 2028 435 2071 videtur
466 2029 763 2071 demonstrari
784 2028 1035 2084 Vergilium
1065 2029 1183 2070 Enni
1213 2030 1440 2084 exemplar
1471 2033 1759 2085 aspernatum

245 2113 299 2140 ex
330 2098 409 2150 iis,
453 2112 564 2154 quae
602 2097 719 2153 apud
751 2097 988 2140 Homerum
1018 2097 1216 2154 legerat,
1262 2113 1342 2159 suo
1372 2098 1501 2141 modo
1535 2113 1757 2155 compara-

244 2167 412 2209 tionem
442 2166 751 2223 composuisse.
803 2166 927 2222 Ergo
958 2166 1065 2208 libri
1086 2166 1155 2208 VI
1176 2167 1350 2209 auctori
1379 2168 1425 2208 in
1455 2167 1538 2209 hac
1568 2182 1617 2209 re
1648 2167 1757 2209 fides

243 2251 331 2279 non
362 2238 442 2279 est.

359 2307 402 2363 3)
434 2320 471 2349 a.
504 2306 585 2349 IX.
618 2307 702 2349 806
716 2320 808 2363 sqq.

358 2375 622 2429 Macrobius,
656 2375 732 2431 qui
753 2375 807 2417 de
830 2374 1107 2430 sequentium
1128 2374 1327 2417 locorum
1354 2375 1617 2418 collectione
1649 2376 1757 2418 dicit

247 2445 294 2488 in
323 2444 549 2502 prooemio
580 2443 637 2488 ad
668 2459 761 2502 cap.
793 2443 881 2487 ΙΙΙ.
928 2443 998 2495 (cf.
1031 2442 1233 2500 disposit.
1266 2443 1303 2487 Ι.
1338 2445 1421 2497 7.);
1467 2447 1587 2498 ,sunt
1627 2459 1755 2501 quae—

244 2514 344 2558 dam
373 2514 490 2572 apud
506 2514 772 2572 Vergilium,
807 2528 917 2571 quae
942 2514 996 2556 ab
1013 2513 1205 2556 Homero
1227 2514 1428 2556 creditur
1449 2514 1755 2565 transtulisse,

245 2584 323 2626 sed
368 2598 420 2627 ea
461 2584 624 2627 docebo
656 2599 683 2627 a
720 2584 890 2626 nostris
930 2583 1188 2625 auctoribus
1221 2589 1420 2639 sumpta,
1465 2584 1541 2639 qui
1585 2584 1756 2639 priores

243 2652 351 2696 haec
382 2653 436 2696 ab
467 2652 662 2696 Homero
702 2652 749 2695 in
780 2651 977 2696 carmina
1009 2665 1087 2695 sua
1118 2652 1481 2704 transtulerant‘,
1525 2651 1633 2695 locis
1666 2653 1754 2694 Ho-

243 2722 356 2763 meri
377 2723 451 2775 (H.
470 2722 715 2774 102—111)
749 2726 795 2764 et
816 2722 933 2764 Enni
956 2721 1026 2777 (A.
1044 2721 1290 2774 401—408)
1324 2721 1561 2777 exscriptis
1576 2721 1754 2777 Vergili

244 2789 389 2833 locum
419 2796 648 2847 comparat
677 2789 746 2833 his
779 2789 947 2833 verbis:
988 2789 1103 2844 ,hinc
1133 2788 1364 2846 Vergilius
1396 2789 1582 2832 eundem
1612 2789 1756 2832 locum

245 2859 299 2901 de
341 2859 510 2902 incluso
550 2859 701 2902 Turno
748 2859 901 2915 gratia
943 2859 1222 2915 elegantiore
1262 2858 1536 2915 composuit‘,
1584 2858 1756 2904 Contra
