2088 3268
1103 152 1158 195 18

367 267 588 311 Nordenii
633 267 940 311 commentarii
993 269 1259 323 argumento
1306 267 1364 324 (p.
1398 267 1481 309 107
1498 266 1581 323 sq.)
1632 267 1890 322 comparato

368 351 465 380 cum
494 335 680 380 Homeri
712 336 925 393 ,Necyia‘.
986 336 1153 380 Tamen
1193 336 1239 378 in
1278 335 1433 378 multis
1474 336 1607 379 rebus
1638 334 1890 391 Vergilium

368 406 554 449 Homeri
583 406 889 450 narrationem
920 405 1004 449 sibi
1027 405 1253 462 exemplar
1283 404 1571 462 proposuisse
1601 405 1719 461 apud
1740 418 1888 447 omnes

365 477 564 517 constat.

484 543 527 600 3)
560 543 627 587 De
658 543 686 586 l.
710 542 780 586 IX
811 543 921 587 dicit
952 543 1137 588 Servius
1169 543 1226 587 ad
1257 560 1298 588 v.
1324 546 1369 586 l:
1404 544 1535 597 ,Sane
1565 543 1787 587 formatus
1818 546 1890 587 est

366 617 455 660 iste
476 615 591 658 liber
611 615 668 658 ad
689 614 800 657 illud
823 614 1009 658 Homeri
1028 614 1128 670 <Κ>,
1159 614 1237 657 ubi
1257 613 1367 657 dicit
1385 629 1466 670 per
1487 616 1661 657 noctem
1682 628 1887 669 egressos

367 699 465 727 esse
482 684 726 727 Diomeden
748 685 796 726 et
811 683 987 732 Ulixen,
1018 698 1114 726 cum
1145 685 1276 739 capto
1292 682 1466 726 Dolone
1496 684 1649 726 castra
1679 684 1889 738 penetra-

365 756 495 796 runt:
541 767 643 795 nam
673 755 849 809 partem
871 753 1106 795 maximam
1138 755 1185 794 et
1216 739 1494 794 oeconomiae
1525 754 1573 794 et
1603 751 1888 808 negotiorum

365 821 523 865 exinde
544 821 707 865 habet‘.
762 821 829 864 Cf.
848 821 1041 865 Macrob.
1075 820 1130 864 V.
1163 821 1203 863 2.
1237 821 1291 863 15
1323 821 1687 878 ,speculationem
1708 828 1886 865 noctur-

364 895 503 944 nam‘,
546 894 787 948 praeterea
831 891 885 933 V.
920 892 959 934 9.
991 892 1105 932 5—ss
1146 890 1235 944 (vv.
1268 891 1514 944 302—328)
1554 893 1601 934 et
1630 891 1685 935 V.
1719 891 1786 934 13.
1817 893 1886 935 24.

366 963 426 1016 (v.
461 959 573 1016 181).
1670 980 1674 983 ·

480 1056 535 1061 -——
579 1029 821 1072 Pertinent
852 1029 985 1071 Servi
1025 1030 1163 1071 verba
1205 1029 1262 1071 ad
1303 1044 1375 1071 vv.
1410 1030 1650 1073 168—502.
1701 1029 1888 1075 Homeri

364 1098 393 1143 l.
426 1100 477 1142 K.
509 1098 681 1143 divisus
715 1100 786 1143 est
827 1098 874 1142 in
904 1100 1059 1155 partes
1100 1101 1221 1152 tres,
1268 1114 1455 1155 quarum
1495 1100 1639 1156 prima
1678 1101 1886 1156 (1—298)

364 1169 624 1212 continetur
656 1168 930 1211 Achivorum
961 1167 1214 1219 consilium,
1256 1167 1407 1211 altera
1437 1168 1702 1224 (299—337)
1733 1169 1887 1213 Troia-

364 1253 523 1282 norum
554 1237 784 1281 consilium
824 1263 880 1268 —
921 1237 1079 1294 quibus
1123 1237 1319 1280 consiliis
1361 1237 1542 1295 utrique
1581 1238 1886 1295 speculatores

364 1308 573 1352 emittere
605 1307 890 1351 constituunt
921 1333 989 1358 —,
1023 1306 1165 1349 tertia
1196 1307 1459 1362 (338—579)
1490 1307 1590 1363 ipsa
1611 1308 1884 1364 exploratio:

363 1378 537 1421 Dolone
583 1378 698 1420 enim
744 1383 875 1434 capto
920 1379 967 1419 et
1013 1376 1265 1419 examinato
1313 1382 1359 1419 et
1405 1376 1548 1420 occiso
1589 1377 1635 1419 in
1665 1377 1887 1422 Thracum

364 1450 518 1491 castra
548 1446 744 1503 ingressi
774 1446 1012 1489 Diomedes
1043 1445 1272 1501 duodecim
1303 1446 1464 1488 occidit
1495 1447 1617 1489 viros
1649 1461 1886 1503 regemque

362 1517 525 1573 ipsum,
559 1515 715 1558 Ulixes
737 1515 892 1572 «abigit
924 1529 1080 1571 equos;
1127 1514 1284 1558 deinde
1315 1514 1519 1559 Minerva
1549 1515 1768 1560 incitante
1800 1516 1887 1560 Do-

362 1586 479 1630 lonis
514 1600 640 1629 arma
670 1585 877 1642 praedati
906 1600 929 1627 e
959 1585 1118 1627 castris
1151 1585 1274 1640 equis
1306 1585 1570 1627 evehuntur.

478 1654 633 1698 Aliter
663 1654 710 1697 in
741 1653 919 1711 Vergili
949 1653 977 1696 l.
1010 1653 1091 1696 IX.
1141 1654 1279 1697 Nisus
1312 1656 1357 1697 et
1390 1653 1620 1710 Euryalus
1650 1658 1887 1711 portarum
1945 1708 1952 1717 ⁹

363 1724 569 1767 custodes
613 1723 847 1766 consilium
887 1723 1069 1779 capiunt
1112 1722 1330 1766 evadendi
1370 1737 1451 1781 per
1493 1725 1646 1768 castra
1690 1723 1887 1768 hostium

361 1808 599 1851 rerumque
630 1793 836 1837 nuntium
879 1792 936 1836 ad
966 1794 1153 1836 Aenean
1191 1794 1466 1848 perferendi.
1528 1794 1754 1848 Aperiunt
1785 1809 1886 1848 pro-

361 1863 560 1918 positum
594 1876 720 1903 suum
752 1861 937 1903 ducibus
959 1861 1081 1904 forte
1112 1860 1168 1903 ad
1191 1859 1423 1904 consilium
1444 1860 1709 1919 congressis.
1758 1860 1887 1917 Quod

361 1931 513 1976 fictum
546 1934 618 1976 est
648 1931 707 1976 ad
726 1931 1003 1975 Achivorum
1035 1931 1266 1973 consilium
1297 1931 1369 1984 (cf.
1402 1947 1443 1972 v.
1476 1932 1632 1970 224m
1650 1934 1701 1971 Κ.
1736 1932 1758 1971 1
1778 1931 1884 1986 sq.);

359 2014 502 2056 neque
520 1999 689 2041 Ascani
719 1998 986 2057 promissum
1007 1997 1305 2044 instructiove
1336 1997 1713 2058 proficiscentium
1744 2016 1886 2045 exem-

360 2070 460 2128 plar
501 2087 589 2115 non
627 2070 797 2114 habent
836 2071 883 2112 in
912 2070 1099 2113 Homeri
1141 2070 1411 2112 narratione.
1473 2070 1625 2112 Etiam
1662 2070 1709 2112 in
1738 2070 1884 2112 caedis

359 2138 659 2196 descriptione
692 2137 955 2194 (314—366)
986 2137 1227 2181 Homerum
1258 2137 1464 2196 sequitur
1487 2138 1719 2197 Vergilius
1750 2143 1886 2197 atque

361 2208 569 2251 similiter
598 2208 814 2252 describit
843 2210 996 2251 castra
1024 2208 1221 2250 hostium
1252 2207 1566 2250 dormientium
1597 2208 1669 2264 (cf.
1688 2208 1882 2251 Macrob.

361 2278 416 2321 V.
448 2277 488 2319 9.
520 2276 586 2332 8);
636 2276 714 2320 sed
743 2276 886 2320 multo
917 2276 1059 2333 magis
1100 2276 1282 2320 variare
1314 2276 1489 2330 studet,
1535 2277 1652 2334 quod
1692 2277 1884 2333 legerat,

360 2349 408 2389 et
438 2347 579 2389 verba
609 2346 712 2388 Nisi
743 2346 890 2389 aliena
921 2352 1026 2388 sunt
1057 2347 1113 2388 ab
1144 2345 1290 2388 Ulixis
1322 2346 1486 2389 verbis.
1548 2345 1686 2389 Nisus
1717 2346 1883 2391 multos

357 2415 512 2459 hostes
544 2414 706 2458 occidit
736 2441 792 2445 —
822 2417 877 2458 ut
905 2414 1157 2469 Diomedes,
1191 2417 1328 2472 atque
1359 2415 1569 2459 similiter
1599 2418 1885 2473 comparatur

359 2499 457 2527 cum
486 2484 614 2527 leone
645 2499 728 2541 per
762 2484 914 2538 ,ovilia
934 2485 1176 2528 turbante‘.
1227 2484 1293 2528 Ut
1325 2484 1514 2542 denique
1530 2485 1736 2529 Minerva
1766 2486 1883 2543 apud

365 2554 603 2597 Homerum
633 2554 766 2597 finem
796 2554 910 2597 facit
940 2554 1163 2607 caedendi,
1197 2555 1260 2598 sic
1290 2554 1426 2598 Nisus
1458 2555 1679 2608 admonet,
1711 2557 1764 2598 ut
1792 2555 1885 2598 iter

356 2629 575 2680 pergant;
609 2623 833 2679 effugiunt
853 2623 991 2666 armis
1012 2623 1173 2680 raptis.
1220 2623 1308 2667 Sed
1335 2624 1481 2668 omnia
1501 2638 1615 2682 quae
1636 2628 1885 2683 sequuntur
1972 2626 1973 2629 ’

358 2693 477 2750 apud
517 2692 773 2750 Vergilium
804 2693 893 2748 (vv.
928 2693 1173 2748 367—502)
1206 2693 1501 2750 pulcherrime
1541 2697 1753 2748 narrata,
1795 2710 1884 2738 non

362 2762 534 2819 scripta
566 2765 673 2806 sunt
714 2762 772 2806 ad
804 2762 1052 2817 exemplum
1091 2762 1195 2806 libri
1228 2765 1286 2806 K:
1330 2778 1411 2808 nec
1448 2763 1600 2808 tristis
1644 2764 1885 2809 amicorum

358 2848 476 2876 mors
506 2848 587 2877 nec
617 2835 779 2890 poetae
811 2832 1088 2889 praedicatio
1119 2848 1199 2876 nec
1229 2835 1389 2877 matris
1420 2834 1700 2878 lamentatio.
1723 2876 1726 2879 .
1761 2835 1883 2890 Ergo
